3626 5530
747 516 922 570 „31-

772 686 897 751 LXXX

237 797 300 858 310
383 795 500 860 Aeneis
523 795 643 860 cocciis
664 795 742 859 mihi
766 802 900 861 excocta
924 803 974 860 est
994 797 1097 860 (imnis
1119 796 1351 864 misericerdia.

762 930 904 996 LXXXI

391 1041 530 1107 Serenus
550 1040 773 1106 Sammonicus
794 1041 907 1107 medic.
930 1062 960 1106 v.
983 1043 1045 1106 429
1067 1044 1142 1120 (425
1165 1044 1295 1126 Baehr.)
1320 1045 1439 1109 Dulcia

339 1151 472 1216 Plautus
494 1152 542 1215 ait
558 1150 674 1232 granffi
697 1152 800 1216 minus
823 1155 902 1233 apta
923 1151 1011 1216 lieni.

335 1402 462 1468 LXXX
505 1399 647 1468 Isidorus
682 1400 772 1485 Orig.
806 1401 880 1484 XX,
920 1403 989 1483 a,1
1028 1405 1133 1468 omnia
1163 1422 1243 1470 vasa
1278 1404 1436 1486 coquendi

239 1533 338 1578 cansa
369 1518 482 1596 parata
514 1512 652 1576 cocula
683 1509 841 1576 dicuntur.
885 1508 1033 1576 Plautus:
1072 1513 1181 1576 aeneis
1208 1530 1236 1575 e.
1263 1531 1293 1594 q.
1319 1531 1344 1576 s,
1378 1513 1436 1593 cfr.

239 1621 365 1688 Placidi
388 1621 430 1703 gi.
454 1642 485 1704 p.
508 1621 557 1698 26,
583 1620 622 1683 13
637 1620 677 1684 D.
702 1619 872 1700 coculis,
907 1621 1015 1684 aeneis
1041 1621 1129 1684 vasis
1162 1617 1203 1685 ad
1227 1619 1437 1704 coquendum,

238 1731 290 1796 vel
312 1731 430 1796 assulis
451 1727 564 1794 aridis.
1004 1731 1007 1736 ’
1096 1719 1100 1724 ’

238 2019 360 2060 amneroa
391 2004 510 2071 effinxit:
540 2021 604 2058 nam
636 1993 737 2073 grandi
765 2004 832 2058 lieni
851 2007 942 2058 minus
962 2009 1027 2058 eunt
1046 2008 1112 2073 apta
1129 2005 1230 2060 dirlcia.
1257 2005 1327 2060 idem
1348 2007 1436 2075 saepi-

237 2107 318 2156 παύων
339 2115 445 2156 aarum
469 2106 593 2171 spectare
618 2100 655 2154 nd
672 2099 779 2156 Ueraci.
797 2117 822 2156 a.
839 2105 904 2156 240.

339 2299 458 2354 Restant
483 2297 597 2370 deniare
624 2297 653 2352 ti
671 2315 720 2354 sex
744 2315 835 2356 vesus
853 2299 929 2354 valde
947 2299 1056 2356 ductori
1071 2300 1101 2354 ia
1120 2301 1205 2356 Paret
1223 2304 1247 2356 et
1265 2299 1362 2354 Borea·
1381 2300 1435 2354 erii-

239 2396 361 2452 tionicus
379 2379 481 2450 adlati:

264 2495 307 2562 (Β.
328 2495 370 2558 70)
388 2493 462 2546 vices
481 2496 618 2545 memorat
638 2495 667 2544 et
685 2491 827 2546 cicatrices
847 2474 970 2547 denudat

537 2587 560 2658 (e
582 2587 706 2642 Pontaai
724 2587 760 2642 ad
779 2589 898 2644 Maerob.
918 2605 1000 2644 amna.
1019 2589 1091 2660 Scip.
1112 2589 1167 2644 Ic.
1186 2591 1232 2660 21)

268 2685 309 2750 (B.
330 2685 376 2754 71)
392 2683 458 2738 dum
480 2683 604 2738 aviculae
623 2689 742 2738 vernant

537 2779 560 2848 (e
579 2780 701 2838 Portam·
719 2779 757 2836 ad
776 2781 898 2837 Macron.
917 2781 1029 2837 Satara.
1054 2782 1121 2851 VII,
1141 2781 1188 2851 16)

386 2881 535 2948 postquam
554 2878 686 2947 degulato
706 2861 877 2947 patrimonio
897 2895 1006 2948 pauper
1027 2883 1069 2934 est
1085 2879 1176 2934 factm

536 2975 561 3042 (c
579 2975 681 3030 Perotti
698 2975 841 3044 &pontini
859 2976 951 3034 Gerra
971 2993 1028 3046 cop.
1043 2994 1074 3048 p.
1094 2980 1162 3045 763)

378 3077 411 3128 ut
428 3072 533 3126 isthaec
551 3073 677 3141 operatio
697 3073 801 3143 crimen
820 3073 915 3143 expiet

535 3169 558 3238 (c
579 3169 717 3226 Thesauro
735 3171 769 3226 R.
789 3169 920 3240 Stephani
938 3187 959 3224 e.
979 3187 1002 3226 c.
1021 3171 1154 3242 operario)

387 3265 474 3320 nimio
492 3266 579 3320 natiue
598 3271 640 3320 est
658 3285 714 3320 non
734 3266 884 3342 admittere
902 3268 1004 3322 malum
1023 3285 1108 3338 quam
1126 3267 1245 3321 admisso
1262 3267 1368 3320 mederi

537 3367 580 3428 (erc
598 3364 713 3417 Eraami
730 3363 820 3432 Δάας.
839 3361 911 3417 ‘mus
929 3363 1014 3432 picem
1032 3360 1158 3432 yactans'
1178 3381 1205 3432 p.
1226 3365 1310 3432 1626)

388 3463 483 3512 utrum
501 3459 596 3512 veniat
615 3477 700 3513 necne
718 3459 788 3512 nihil
807 3460 884 3513 inre
903 3464 944 3513 est
963 3477 1024 3514 mea

536 3556 562 3625 (e
583 3556 686 3610 Perottc'
703 3555 762 3626 Sip.
781 3555 858 3611 Ocra.
875 3573 905 3626 p.
923 3555 971 3625 48)

239 3665 323 3718 aeque
334 3650 365 3703 r'n
377 3651 551 3707 emendandis
567 3669 651 3721 neque
669 3653 699 3706 ia
716 3653 872 3723 coltinentis
884 3654 1002 3707 cerateas
1017 3653 1159 3708 Plautinis
1178 3670 1212 3709 ec
1231 3653 1312 3707 iatine
1329 3653 1436 3722 ymera

239 3729 402 3815 scriptorum
420 3749 499 3803 lenas
522 3751 582 3820 ipae
607 3767 717 3819 operam
735 3750 896 3819 ccnrurnpci.
927 3765 1019 3804 aecus
1037 3767 1102 3818 mccc
1130 3749 1247 3804 Batinus
1271 3766 1285 3804 e
1315 3749 1435 3804 Pontam'

239 3857 328 3896 caram.
348 3843 440 3911 adfert
465 3862 486 3900 a.
503 3863 531 3900 n.
550 3849 585 3902 34
603 3865 659 3901 ncn
678 3847 737 3901 edit
755 3851 788 3900 ut
806 3847 902 3916 poenit,
930 3847 978 3901 scd
996 3863 1075 3916 pocae
1095 3847 1149 3909 hic,
1172 3851 1205 3900 nt
1223 3846 1296 3916 edat,
1314 3848 1393 3916 cupit
1409 3852 1435 3902 et

222 3945 263 3991 ..a
279 3956 307 3992 a.
327 3943 364 3996 72
390 3943 556 4013 religionem
585 3962 601 3998 a
628 3961 656 3998 ae
683 3945 787 4000 reicere
813 3945 929 3998 alterum
957 3962 971 3999 e
996 3944 1074 4012 Cant.
1102 3961 1125 3998 υ.
1143 3948 1196 4000 461
1205 3959 1263 4012 sqq.
1290 3944 1435 3999 alteratae

240 4035 357 4090 Mercat.
378 4054 400 4090 a.
420 4042 477 4094 882
495 4040 594 4108 petitos
616 4057 671 4096 esse
688 4040 832 4096 verisimile
850 4041 938 4095 habeo.
