3578 5534
939 510 1117 561 ..45-

938 721 1125 788 ssuvmo

1019 859 1036 924 1

579 967 699 1032 Paulus
721 988 752 1052 p.
774 969 826 1048 45,
848 968 922 1031 Sil.
953 967 1169 1033 catulinum
1210 988 1374 1033 caruem
1409 967 1626 1032 esitavisse

529 1075 589 1140 boo
611 1084 661 1141 cst
682 1075 863 1142 comedisse
885 1077 1046 1142 Romanos
1061 1077 1195 1142 Plautus
1215 1078 1251 1141 in
1276 1077 1447 1142 Saturione
1466 1075 1572 1140 refert.

1010 1212 1044 1276 ll

578 1320 713 1386 Retrald
733 1320 893 1402 nequitur,
917 1320 1046 1404 quoquo
1068 1341 1242 1404 progrffisa
1260 1325 1311 1386 esl
1334 1320 1443 1386 semel.

938 1477 942 1483 .
1006 1447 1056 1511 III

577 1557 616 1621 Δ.
632 1555 718 1620 Male
730 1555 789 1621 tibi
801 1559 948 1622 evenisse
960 1556 1064 1621 rideo.
1107 1556 1145 1620 Β.
1161 1556 1275 1638 glaber
1286 1563 1357 1620 erat
1370 1561 1533 1636 tamqudm
1544 1557 1628 1620 rien.

1007 1682 1053 1747 lv

478 1793 538 1856 100
581 1791 796 1860 Subccnturia
816 1787 992 1880 [aliquem]‚
1013 1796 1071 1876 qui
1090 1801 1123 1858 te
1147 1791 1286 1870 delectet
1307 1791 1406 1856 domi.

530 2010 726 2077 SATVRIO.
769 2011 969 2076 Sutorioaen
995 2016 1024 2076 et
1052 2011 1225 2076 Addictum
1247 2009 1401 2076 Pteron
1425 2011 1461 2074 in
1487 2008 1630 2089 pinriaco

431 2119 595 2200 sopores
616 2118 739 2183 Gellius
759 2117 829 2193 ΠΙ,
851 2119 884 2192 3,
907 2121 951 2184 14
972 2141 988 2184 e
1015 2119 1159 2184 Varrone
1179 2119 1292 2200 ardfert
1316 2119 1374 2199 cfr.
1396 2119 1471 2184 uda.
1493 2119 1538 2182 ad
1558 2117 1628 2182 Aa

429 2227 556 2292 dietam.
600 2227 615 2290 Ι
642 2227 686 2291 od
715 2226 795 2291 borao
823 2227 968 2307 fubalm
1001 2227 1160 2293 Daccrius
1193 2228 1290 2308 rq‘ort
1319 2227 1426 2292 Plinii
1456 2231 1522 2292 aar.
1555 2227 1629 2292 laist.

431 2333 564 2408 XXIX,
588 2337 631 2400 14
653 2335 840 2402 aditialibus
863 2337 992 2419 quidem
1013 2336 1123 2430 epulis
1148 2337 1294 2403 celebres
1307 2335 1362 2420 [oc.
1371 2337 1510 2420 catulos]
1525 2337 1629 2403 fuisse

430 2444 537 2509 Plauti
571 2445 701 2510 tabulae
733 2445 855 2511 indicio
888 2454 969 2512 sunt.
1014 2447 1049 2511 Η
1074 2448 1191 2512 Festus
1218 2468 1248 2530 p.
1272 2449 1344 2525 162,
1369 2448 1410 2510 27
1425 2447 1467 2512 bl.
1490 2450 1626 2529 nequi·

430 2561 507 2619 tum
529 2561 562 2620 et
583 2555 766 2638 nequitur
799 2575 856 2638 pro
890 2576 953 2622 non
992 2577 1089 2640 posse
1123 2557 1286 2638 dicebant,
1316 2565 1351 2621 ut
1382 2556 1523 2622 Pacuius
1555 2577 1623 2622 cun
1756 2631 1757 2652 χ

429 2661 490 2729 ait:
521 2664 578 2729 sed
612 2684 684 2730 cum
711 2685 737 2730 e.
767 2686 797 2747 q.
825 2685 850 2730 s.
896 2666 1029 2732 Plautus
1065 2669 1097 2731 in
1129 2667 1317 2751 Satyrione:
1351 2664 1470 2730 retrahi
1498 2685 1526 2730 e.
1548 2685 1582 2748 q.
1604 2685 1627 2729 s

431 2773 481 2838 111
503 2773 618 2839 Festus
639 2795 670 2859 p.
693 2775 766 2853 277,
791 2777 830 2839 13
845 2774 885 2840 bl.
907 2777 1042 2842 rienes
1076 2779 1172 2860 (qnos
1205 2798 1290 2842 nunc
1312 2777 1478 2850 vocamus)
1499 2775 1627 2856 antiqui

431 2881 638 2949 nefrundines
659 2885 878 2967 appellabant,
902 2888 979 2968 quia
1003 2887 1122 2953 Graeci
1145 2881 1289 2973 rsqpoig
1307 2905 1363 2951 eos
1383 2891 1506 2949 vocant.
1528 2883 1628 2948 Plau-

429 2997 481 3056 tus
510 2992 544 3055 in
577 2991 767 3076 Satyrione:
800 2995 884 3060 male
913 3016 942 3060 e.
964 3015 996 3078 q.
1019 3016 1043 3060 s.
1087 2996 1208 3062 Paulus
1238 3017 1269 3080 p.
1292 2996 1364 3077 276,
1386 2993 1465 3058 SM.
1497 2991 1627 3058 rienes

429 3101 555 3182 antiqui
582 3103 742 3168 vocabant
774 3103 990 3185 nefrundines,
1024 3081 1102 3187 qnia
1124 3105 1242 3171 Graeci
1265 3124 1320 3170 eos
1343 3095 1483 3187 requeis:
1504 3101 1626 3166 dicunt

430 3209 578 3274 Plautus:
612 3211 725 3294 glaber
748 3232 776 3277 c.
799 3231 829 3294 q.
853 3232 877 3276 s.
931 3210 975 3276 1v
1009 3213 1123 3279 Festus
1157 3235 1187 3297 p.
1215 3216 1286 3296 306,
1314 3215 1354 3276 25
1381 3211 1422 3275 bl.
1458 3230 1627 3276 succen-

430 3319 581 3384 turiare
604 3326 654 3384 est
675 3320 856 3403 explendae
879 3321 1043 3387 centuriae
1056 3323 1162 3406 gratia
1178 3323 1338 3406 supplere,
1353 3321 1511 3386 subicere.
1533 3317 1626 3384 Plau-

430 3432 482 3492 tus
504 3429 537 3492 in
560 3428 749 3495 Saturione:
774 3429 982 3496 subcenturia
1002 3452 1028 3497 e.
1051 3453 1081 3514 q.
1101 3452 1126 3497 s.

529 3653 685 3708 Saturionia
716 3672 809 3710 mmm
835 3657 1020 3724 paraestinae:
1051 3655 1082 3708 ia
1113 3656 1198 3710 Persa
1228 3655 1309 3710 habea
1341 3655 1402 3722 (cfr.
1427 3672 1450 3709 o.
1471 3658 1524 3708 101
1547 3657 1624 3724 sqq).

431 3748 466 3802 98
493 3751 768 3818 nequiturood.csr.
788 3751 1266 3823 &incircumscriptas
1303 3752 1445 3806 Ritsoltelr'i
1463 3751 1561 3820 Opust.
1580 3750 1628 3804 11⁷

431 3861 463 3916 p.
481 3850 546 3901 278.
618 3849 654 3900 99
668 3864 801 3916 paeones
823 3849 965 3903 distribuit
987 3849 1112 3902 Botbios.
1153 3850 1223 3904 idest
1248 3849 1325 3918 quin,
1354 3850 1459 3918 priores
1484 3849 1532 3918 qui
1561 3853 1624 3902 ante

430 3941 528 4010 glaber
543 3943 723 3998 immoene
764 3946 816 3997 100
833 3944 1012 4000 subcenturia
1029 3951 1141 4000 centurn
1160 3947 1274 4014 require
1293 3946 1342 4014 qui
1362 3945 1422 4000 cod
1442 3945 1621 4000 subcenturia

430 4043 541 4092 centum
553 4039 734 4110 quiBotlrr'us.
772 4041 850 4095 Festi
869 4041 957 4108 ipsius
975 4041 1104 4112 deinde,
1122 4061 1177 4111 qno
1192 4044 1250 4097 lace
1268 4043 1372 4096 clarius
1383 4041 1623 4111 apparetsubecn·

430 4135 537 4190 turiare
560 4135 617 4190 dici
641 4135 675 4191 do
701 4154 756 4192 uno
782 4139 822 4191 nd
838 4137 977 4192 mamdba
993 4138 1029 4192 ad
1046 4139 1227 4193 centaurium
1245 4155 1385 4192 cumauro
1403 4137 1563 4206 apludam
1579 4154 1622 4192 ar·

432 4231 545 4298 cantio,
572 4232 681 4288 minime
704 4232 737 4286 de
757 4238 862 4288 nectam
882 4234 960 4304 ipsis,
988 4233 1084 4289 deinde
1100 4236 1262 4304 scriptoram
1280 4251 1355 4302 arus,
1384 4234 1460 4304 opud
1477 4251 1547 4304 quos
1563 4251 1625 4290 serr·

427 4343 478 4395 prr
502 4327 535 4382 dr
562 4345 616 4382 uno
644 4334 750 4384 tontum
774 4329 976 4384 cocolariam
1001 4346 1142 4385 samaram
1168 4347 1223 4386 esse
1246 4331 1351 4386 laconis
1378 4333 1495 4397 (Toron.
1516 4331 1626 4386 Pbornc

430 4427 488 4480 229
505 4441 544 4494 aq.
564 4421 661 4482 uacet
679 4442 724 4496 ap.
747 4426 821 4480 Fert.
840 4427 857 4479 l.
876 4429 920 4493 a),
938 4425 1051 4495 dmrqtoe
1068 4427 1170 4482 codicia
1190 4429 1266 4482 lectio
1290 4428 1419 4496 delectet,
1437 4443 1519 4496 quart
1538 4442 1625 4482 cmm

431 4519 543 4574 editores
558 4538 702 4592 perperam
718 4522 750 4575 r'a
767 4523 906 4576 delectent
926 4528 1075 4590 mutarunt,
1103 4524 1248 4578 ostordw
1266 4525 1347 4578 nobo
1366 4528 1477 4578 centum
1505 4523 1623 4594 require.

431 4631 501 4684 quae
527 4633 561 4672 ae
578 4634 638 4674 oum
655 4620 773 4674 aumas
792 4618 899 4688 quidem
917 4620 1086 4688 conomiuat,
1114 4619 1212 4674 trucite
1237 4621 1403 4688 interpolata
1422 4626 1471 4674 aot
1488 4621 1566 4676 oeldo
1583 4620 1624 4674 de-

429 4717 551 4784 prauata
570 4730 633 4768 esse.
670 4716 790 4782 aliquem
808 4717 898 4770 inieci.
