3634 5534
989 655 1030 720 VI

480 763 517 828 15
560 763 704 831 nereus
725 771 759 831 tn
782 765 913 849 quidem
936 765 1103 850 pertundit

560 999 647 1068 Dare
672 999 809 1086 pedibus
832 891 1086 1086 ρτοιὶιιαωνῗὺιο
1107 1003 1149 1070 ab
1172 1001 1222 1070 bis
1244 1003 1439 1086 regitnibus.

914 1197 1103 1265 BAOARIA

557 1322 638 1400 Quis
661 1326 710 1389 dot
733 1322 877 1389 mortalis
899 1325 964 1388 tdrn
987 1324 1073 1390 bona
1094 1323 1221 1390 lortdna
1243 1323 1388 1390 adfectus
1410 1323 1569 1406 quuam,

559 1431 662 1512 Quam
685 1452 746 1518 ego
766 1433 849 1500 ndnc
871 1453 951 1512 sum,
978 1433 1094 1519 quoius
1117 1433 1197 1500 baec
1221 1433 1385 1519 [dapsilis]
1409 1437 1512 1500 ventri
1535 1452 1605 1517 por-

859 1546 945 1607 tatur
966 1541 1093 1626 pdmpa,

411 1789 481 1874 das
508 1785 659 1888 fruinenti
686 1789 825 1860 furfures
853 1793 964 1859 dicunt
992 1793 1103 1860 rustici
1132 1802 1266 1860 veteres.
1312 1793 1372 1860 hoc
1404 1794 1437 1860 in
1460 1792 1605 1876 antiquis

412 1900 584 1986 invenitur,
605 1898 740 1986 qu'ornm
763 1903 795 1968 in
819 1902 918 1968 dubio
940 1909 989 1968 est
1011 1903 1193 1969 auctoritas.
1240 1924 1433 1987 quamquam
1457 1912 1489 1969 et
1509 1903 1607 1968 Plau·

400 1997 680 2106 ‘ltus'inllstuaba
709 2011 820 2077 tabula
845 2011 892 2076 ita
920 2011 1048 2092 dixerit,
1078 2013 1169 2078 cuius
1191 2014 1346 2080 incertum
1369 2019 1417 2078 est
1439 2034 1479 2078 an
1502 2013 1545 2076 sit
1568 2033 1607 2077 ea

391 2095 591 2220 ‘concedis
616 2127 713 2206 atque
744 2121 817 2188 idco
840 2142 951 2188 versus
974 2121 1105 2188 eosdem
1129 2142 1249 2205 ponere
1264 2120 1512 2206 supersedimus.
1555 2124 1607 2202 (ea

404 2251 468 2312 pro
508 2231 577 2295 eius
616 2251 697 2295 corr.
735 2230 854 2296 Rursus.
888 2231 1020 2314 Purery.
1055 2253 1087 2314 p.
1115 2231 1199 2312 131).
1257 2231 1382 2298 Placidi
1408 2231 1450 2315 gl.
1476 2253 1507 2316 p.
1530 2233 1559 2312 8,
1587 2233 1606 2296 3

413 2340 540 2406 Dcuerl.
576 2339 758 2406 abludam
794 2342 920 2424 paleam
954 2345 982 2406 et
1012 2343 1106 2424 8,13
1140 2337 1289 2425 apluda
1315 2340 1491 2407 furfuribus
1524 2339 1607 2405 milii

412 2447 609 2532 pannicique.
642 2449 699 2527 cfr.
734 2449 824 2514 Paul.
848 2452 896 2532 10,
919 2451 957 2514 14
984 2449 1025 2514 Μ.
1063 2451 1144 2516 Plin.
1169 2450 1242 2515 Nat.
1268 2451 1349 2516 Hist.
1372 2447 1492 2524 xv111,
1515 2450 1565 2514 99.

411 2556 456 2620 VI
487 2557 611 2622 Nonius
644 2578 674 2641 p.
698 2559 746 2638 62,
775 2559 815 2622 32
840 2558 881 2623 Μ.
911 2558 1165 2624 exterebrare
1199 2565 1247 2624 est
1280 2559 1313 2623 vi
1348 2557 1472 2641 aliquid
1504 2564 1607 2623 extor-

410 2686 508 2749 quere
535 2672 566 2732 et
594 2668 730 2733 scrutari
764 2674 819 2734 aut
853 2667 1012 2734 curiosius
1038 2688 1200 2752 quaerere.
1247 2667 1378 2734 Plautus
1412 2667 1446 2732 in
1468 2667 1608 2734 Astraba

411 2797 482 2842 cum
519 2775 553 2842 in
586 2779 745 2845 curiosum
774 2779 947 2844 iocaretur:
979 2779 1174 2846 terebratum
1190 2799 1217 2844 c.
1235 2800 1265 2862 q.
1282 2800 1306 2844 s.
1394 2775 1455 2842 VH
1484 2774 1607 2844 Nonius

412 2906 442 2969 p.
466 2886 539 2968 376,
562 2888 581 2951 3
606 2886 647 2951 Μ.
679 2894 710 2953 et
732 2888 886 2970 quoniam
919 2889 1063 2954 nonnulli
1100 2894 1242 2954 veterum
1269 2909 1326 2972 pro
1356 2907 1394 2952 eo
1422 2886 1508 2970 quod
1535 2908 1606 2972 pro·

410 2995 498 3060 tinus
518 3002 568 3062 est
589 2997 787 3078 protinam
810 2999 862 3063 vel
884 2999 1028 3081 protenis
1052 3005 1285 3075 converterunt,
1313 2997 1462 3082 exempla
1491 2995 1533 3062 de
1555 2993 1605 3062 his

412 3087 596 3172 necessaria
625 3105 830 3190 decerpenda
858 3112 941 3172 sunt.
984 3103 1209 3173 Afranius...
1235 3106 1367 3172 Plautus
1397 3105 1431 3171 in
1456 3106 1605 3170 Astrava:

411 3213 489 3280 dare
512 3235 540 3280 e.
563 3235 593 3296 q.
616 3235 641 3281 s.

511 3349 697 3414 BAGARIA
719 3350 901 3416 Macrobius
924 3350 990 3417 Sat.
1012 3351 1070 3432 ΙΙΙ,
1089 3351 1168 3424 16,1
1192 3371 1251 3416 nee
1273 3351 1492 3434 acipenscr,
1512 3367 1605 3431 quem

414 3461 516 3525 maria
537 3459 684 3543 prodigis
706 3461 859 3542 nutriunt,
883 3460 970 3527 illius
986 3459 1108 3527 saeculi
1124 3460 1255 3526 delicias
1270 3459 1376 3524 evasit
1391 3468 1424 3525 et
1437 3465 1471 3524 ut
1487 3456 1608 3540 liqueat

412 3567 554 3634 secundo
568 3569 691 3635 Punico
714 3565 798 3635 bello
814 3569 940 3636 celebre
955 3589 1070 3635 nomen
1092 3567 1187 3636 huius
1210 3568 1311 3653 piscis
1331 3567 1442 3645 fuisse,
1467 3565 1608 3650 accipite

413 3806 469 3862 eod.
493 3806 546 3862 siet
571 3811 599 3862 et
617 3806 782 3862 subscudenu
808 3805 923 3860 Botlrius
948 3806 985 3862 sit
1004 3807 1152 3862 subscudes
1171 3805 1342 3862 thocbelr'ua.
1384 3806 1414 3858 15
1434 3803 1608 3858 terebratum

413 3903 488 3960 codd.
513 3904 625 3960 terebra
653 3910 683 3959 tu
715 3903 858 3958 Turnebus.
922 3906 953 3958 16
982 3903 1010 3957 in
1035 3903 1198 3958 astravada·
1211 3903 1278 3958 dare
1307 3903 1341 3958 H
1367 3901 1395 3954 in
1424 3904 1500 3956 astra
1527 3898 1607 3954 vada.

415 4001 482 4056 dare
502 4003 529 4056 P
565 4001 597 4056 de
610 4002 754 4072 protinam
772 4001 881 4056 ewalde
890 3999 1089 4070 sterilitatium
1097 4003 1147 4068 cfr.
1157 3999 1286 4068 Laauem'
1303 3998 1443 4068 ‘Beitrd'oe
1451 4013 1501 4052 zur
1512 3995 1609 4050 Kritr'lr

401 4098 471 4170 ,aud
490 4097 652 4169 Erkldruuy
669 4097 716 4152 dea
735 4093 867 4152 Plautus’
886 4113 916 4166 p.
936 4101 995 4152 164.
1370 4078 1372 4082 ’

511 4220 665 4276 Baccharia
691 4219 767 4274 codd.
797 4220 930 4276 Baccaria
957 4219 1120 4274 Rilselrelt'us
1150 4220 1263 4287 Porery.
1286 4215 1608 4286 12.156Bacariar'dem

414 4317 694 4386 Opuec.IIIp.197.
712 4315 783 4372 crude
801 4317 899 4371 titulus
917 4315 1057 4372 Minatus
1075 4316 1120 4385 sr't,
1139 4317 1211 4372 lutet.
1241 4314 1415 4382 Bitsclrelt'oa,
1435 4313 1482 4383 qui
1492 4314 1607 4382 Purery.

412 4413 603 4479 insubulos
630 4418 816 4482 aequamentum
845 4431 863 4468 u
891 4413 1049 4468 Buecbcbus
1073 4412 1134 4484 peti
1150 4413 1270 4480 petulcae
1296 4416 1386 4481 neum,
1410 4424 1469 4466 eum
1486 4427 1504 4464 a
1522 4409 1607 4478 bacis,

415 4510 539 4566 mulus
558 4509 701 4564 Prodrom.
719 4526 746 4579 p.
765 4513 822 4566 292
840 4510 931 4564 minua
948 4509 1127 4581 probabiliter
1146 4526 1162 4564 u
1181 4503 1299 4564 ‘baccar'
1322 4508 1351 4574 (i.
1369 4527 1389 4564 e.
1408 4519 1457 4564 oea
1471 4505 1608 4562 aunuum

412 4606 499 4662 uma
515 4607 651 4675 bacrioni)
668 4606 785 4664 deducit.
821 4607 955 4662 Vaccsria
972 4605 1150 4661 Buechelerua
1168 4605 1229 4660 dub.
1247 4609 1279 4660 17
1298 4609 1378 4660 tanta
1397 4603 1513 4659 lortuna
1529 4601 1606 4658 codd.

414 4710 472 4761 tam
486 4702 560 4758 bona
577 4703 691 4758 fortuna
704 4703 772 4760 coni.
782 4703 944 4759 Ritsebeltus
956 4703 1054 4774 Opone.
1064 4701 1144 4772 1111>
1162 4705 1222 4758 197.
1279 4705 1312 4758 18
1327 4701 1405 4756 ouius
1423 4700 1497 4756 codd.
1508 4698 1607 4770 quoius
