3634 5534
728 521 900 573 ..15-

216 693 369 762 difficilis.
412 691 522 756 insunt
544 688 631 754 enim
654 688 686 752 in
710 690 993 770 grammaticorum
1016 689 1207 774 scriptorum
1239 691 1329 758 libris
1351 691 1409 758 ali·

215 811 293 888 quot
314 819 428 868 versus
450 800 520 864 sine
543 797 725 862 fabularum
748 798 849 862 titulis
865 799 992 881 prolati,
1015 799 1157 880 quicum
1179 800 1323 866 versibus
1339 803 1407 885 qui-

214 913 350 981 busdam
363 910 543 978 fabularum
557 906 663 972 adhuc
677 913 876 973 servatarum
890 914 1010 974 tantum
1023 908 1265 975 similitudinem
1281 910 1409 987 habent,

214 1033 250 1092 ut
271 1021 415 1090 dubitari
430 1020 542 1104 possit,
562 1023 667 1083 utrum
691 1037 750 1101 pro
773 1017 844 1083 istis
860 1016 1007 1084 versibus
1030 1016 1170 1084 habendi
1194 1040 1235 1084 an
1255 1026 1408 1102 tanquam

214 1132 335 1200 diversi
360 1127 550 1213 fragmentis
566 1127 762 1193 adcensendi
783 1127 856 1193 sint.
893 1127 980 1209 quod
996 1127 1037 1194 ad
1052 1127 1287 1196 decernendum
1302 1131 1408 1197 cuius·

215 1265 277 1328 que
300 1239 442 1308 auctoris
465 1239 621 1304 rationem
643 1237 762 1302 citandi
785 1255 883 1319 quam
918 1236 1167 1320 diligentissime
1196 1241 1409 1322 perscrutabi-

213 1373 292 1418 mur.
328 1367 432 1434 neque
455 1355 561 1412 tamen
584 1345 664 1412 baec
687 1345 769 1411 ratio
791 1346 832 1412 de
854 1347 1000 1412 omnibus
1014 1348 1162 1413 versibus
1186 1347 1267 1413 satis
1287 1355 1408 1415 certum

214 1461 368 1527 iudicium
390 1457 532 1550 praebet
576 1476 633 1540 par
654 1476 689 1521 se
712 1462 801 1539 patet
823 1475 892 1521 cam
917 1457 1020 1522 minus
1041 1458 1150 1522 valere
1173 1456 1206 1522 in
1230 1457 1287 1522 tali
1310 1460 1409 1542 scrip-

213 1578 283 1635 tore
303 1568 410 1653 qualis
427 1567 552 1632 Nonius
568 1574 617 1632 est
632 1572 665 1631 et
680 1566 876 1646 Priscianus,
899 1566 956 1647 qui
971 1568 1128 1650 exempla,
1153 1587 1235 1649 quac
1251 1567 1409 1646 adferunt,

216 1699 234 1744 c
255 1679 352 1752 variis
374 1676 467 1742 libris
493 1674 628 1741 mutuati
650 1681 724 1740 sunt
739 1675 855 1757 iisque,
876 1693 1008 1756 quorum
1024 1681 1170 1741 auctores
1185 1674 1288 1741 nihilo
1304 1678 1409 1759 magis

215 1786 374 1852 elabulis
398 1786 488 1870 ipsis,
520 1783 577 1851 sed
605 1804 622 1849 e
646 1785 787 1868 priorum
810 1785 1089 1867 grammaticorum
1123 1784 1227 1867 copiis
1261 1787 1411 1868 exempla

146 1915 150 1922 ·
214 1903 451 1980 congesserant.
507 1914 700 1978 quamquam
723 1915 787 1959 non
810 1901 929 1960 certum
953 1895 1081 1976 quidem
1105 1901 1221 1976 tamen,
1254 1903 1409 1976 quantum

213 2013 330 2089 potest,
353 2005 521 2089 probabile
543 2013 579 2070 ut
600 2004 755 2070 iudicium
778 2003 843 2086 liat,
867 2003 946 2070 haec
969 2025 1032 2070 una
1053 2015 1130 2088 apta
1150 2013 1200 2072 est
1221 2005 1313 2071 ratio.

316 2117 354 2180 ln
362 2115 513 2180 Varronis
522 2113 693 2196 Verriique
708 2115 855 2197 reliquiis
867 2133 988 2194 versus,
1011 2121 1146 2197 excepto
1158 2114 1244 2196 quod
1256 2115 1410 2181 nonnulla

218 2223 402 2290 aeodicum
438 2231 618 2290 nostrorum
640 2224 832 2289 lautioribus
865 2223 981 2288 leniter
1009 2223 1196 2308 discrepant
1226 2231 1322 2306 atquc
1357 2223 1409 2288 bic

217 2335 280 2398 illic
314 2333 410 2398 verba
443 2334 639 2417 transposita
664 2332 782 2414 sunt1),
814 2331 968 2398 adcurate
990 2330 1145 2416 descripti
1173 2340 1254 2399 sunt.
1298 2334 1409 2415 itaque

214 2443 355 2509 dubitari
379 2444 491 2525 nequit
513 2444 590 2526 quin
613 2462 725 2508 versus
747 2462 797 2507 ex.
809 2443 899 2508 Varr.
912 2442 1012 2508 dell.
1025 2443 1096 2524 Vll,
1107 2443 1145 2507 91
1157 2436 1292 2508 ‘ciccum
1311 2493 1317 2504 .
1335 2492 1341 2504 .
1359 2489 1365 2508 .
1389 2463 1409 2508 a

211 2571 276 2635 quo
292 2552 388 2618 etiam
402 2553 537 2618 Plautus
549 2551 645 2618 dicit:
668 2551 831 2634 quodvult
846 2552 992 2634 densum,
1014 2554 1134 2618 ciccum
1158 2572 1221 2618 non
1236 2551 1382 2618 interduo
1390 2551 1407 2628 ',

212 2681 307 2745 quem
330 2663 455 2745 priores
489 2660 630 2727 editores
658 2679 827 2745 perperam
857 2680 915 2744 pro
940 2660 1098 2727 Rudentis
1120 2683 1149 2727 v.
1172 2661 1234 2724 580
1257 2659 1408 2726 babuisse

212 2771 372 2846 uidentur,
393 2791 465 2836 cum
488 2771 663 2854 Spengelio
686 2776 718 2836 et
739 2769 895 2836 Muolloro
929 2769 1120 2852 fragmentis
1142 2768 1332 2836 inserendus
1355 2769 1407 2835 sit.

212 2879 317 2943 minus
351 2885 438 2945 recte
465 2897 592 2944 versum
619 2878 708 2942 Varr.
724 2875 754 2942 d.
774 2877 794 2940 l.
814 2877 834 2941 l.
852 2875 922 2948 VII,
947 2878 985 2942 12
1006 2865 1056 2942 ‘ut
1078 2878 1211 2944 Plautus
1237 2900 1309 2945 curn
1343 2881 1408 2946 ait:

215 2988 298 3052 intus
311 3005 401 3070 para,
417 3007 504 3070 cura,
515 2987 591 3054 uide
601 2987 687 3070 quod
698 3007 779 3070 opus
792 2986 862 3052 liat'
873 2987 1055 3070 Muellerus,
1067 2989 1120 3054 cui
1132 2988 1323 3056 Ritscbelius
1332 2991 1407 3056 Par·

214 3113 277 3178 erg.
288 3115 320 3178 p.
333 3094 373 3158 76
385 3095 602 3181 adstipulatus
619 3103 677 3172 est,
696 3095 887 3179 deperditae
902 3097 1033 3162 fabulae
1045 3097 1238 3164 vindicavit:
1256 3106 1304 3165 est
1321 3101 1407 3166 enim

212 3203 408 3270 Menaechm.
431 3227 461 3270 v.
479 3206 583 3288 3522).
618 3207 771 3271 Varronis
791 3205 826 3270 d.
841 3206 860 3270 l.
877 3207 898 3271 l.
914 3207 949 3280 V,
975 3207 1035 3271 146
1055 3200 1247 3274 ‘secundum
1263 3208 1408 3276 Tiberim

211 3313 254 3378 ad
278 3313 404 3380 lunium
432 3315 534 3381 forum
563 3315 737 3399 piscarium
767 3324 897 3395 vocaut3
933 3316 1006 3381 ideo
1031 3317 1076 3382 ait
1097 3317 1229 3385 Plautus
1250 3318 1337 3402 apud
1360 3321 1408 3403 pi·

211 3424 362 3501 suarium,
385 3424 440 3489 ubi
458 3425 568 3490 variae
584 3424 646 3489 res'
664 3444 681 3488 c
695 3423 945 3507 fragmentorum
963 3424 1076 3490 ordine
1091 3427 1174 3491 eieci
1190 3447 1261 3492 cum
1276 3426 1407 3494 Osauno

212 3532 318 3612 (Anal.
341 3533 411 3599 crit.
434 3556 465 3617 p.
491 3535 563 3613 186)
584 3533 744 3599 Vrlichsio
768 3532 861 3614 (llus.
885 3531 986 3599 Rhen.
1010 3533 1120 3598 XXlll
1142 3555 1172 3619 p.
1198 3536 1251 3613 87)
1275 3535 1407 3602 Goetuio

212 3640 266 3720 (ad
290 3641 414 3708 Curcul.
438 3663 468 3707 v.
492 3643 566 3723 474)
589 3644 799 3709 consentiens.

312 3751 338 3816 Ε
361 3752 449 3818 Festi
473 3753 610 3835 epitome
626 3753 782 3834 Paulique
803 3729 965 3835 excerptis
988 3753 1207 3837 undetriginta
1228 3754 1408 3838 fragmenta

205 3859 383 3944 exscripsit
406 3861 549 3935 Bothius
572 3863 726 3927 nonnulla
748 3861 881 3928 iniuria:
904 3862 998 3928 Pauli
1020 3882 1051 3946 p.
1063 3863 1102 3926 dl
1126 3865 1192 3946 (ap.
1216 3861 1308 3930 Both.
1330 3885 1355 3930 s.
1377 3885 1406 3930 n.

211 3965 256 4048 3),
288 3960 472 4050 ‘coquitare
494 3988 553 4051 pro
576 3969 736 4046 coctitare,
771 3968 805 4034 id
828 3977 876 4034 est
898 3969 1081 4052 frequenter
1103 3990 1249 4053 coquere,
1273 3972 1407 4040 Plautus

211 4066 334 4158 posuit'
361 4076 565 4143 scribendum
588 4097 660 4144 esse
687 4078 869 4161 coquinare,
910 4077 997 4160 quod
1029 4077 1092 4144 iam
1116 4079 1272 4148 Dacerius
1295 4083 1407 4166 uoluit,

315 4347 341 4414 1)
360 4346 494 4401 Varronis
525 4349 650 4417 exempla
679 4349 823 4417 complura
851 4349 964 4420 collegit
988 4349 1124 4420 Bergkius
1145 4352 1405 4407 ‘Auslautendesll

211 4439 247 4494 im
266 4442 342 4496 alten
361 4441 474 4497 Latein’
490 4446 604 4514 pg.157
624 4461 694 4513 sqq.,
717 4445 751 4498 de
763 4441 855 4498 Verrii
875 4447 1007 4515 exemplis
1026 4447 1175 4517 diligenter
1193 4450 1325 4502 tractavit
1344 4450 1406 4504 Lei-

209 4537 330 4608 dolplrus
349 4540 396 4593 ‘de
416 4540 491 4594 Festi
510 4540 646 4609 Paulique
666 4539 732 4594 locis
752 4538 908 4596 Plautinis’.

309 4634 338 4702 2)
358 4634 438 4690 Nunc
467 4637 547 4690 video
576 4637 631 4691 iam
651 4636 803 4707 Bergkium
834 4638 851 4691 l.
877 4655 946 4707 ap.
969 4641 1019 4693 169
1038 4639 1164 4695 Muelleri
1194 4658 1316 4695 errorem
1347 4660 1406 4697 cor·

207 4747 321 4784 rexisse.
