3634 5534
625 505 916 557 .-1s-

231 673 341 750 titulos
352 672 535 738 inbnlurum
544 668 698 744 udeurute
709 668 843 736 notandi
855 667 1017 736 studlosus
1029 669 1135 752 inurit,
1147 689 1297 738 versuum
1309 689 1430 750 eornm,

231 783 287 866 qui
309 783 381 848 sine
403 780 504 846 titulis
527 776 628 844 adlati
647 779 690 844 ab
710 798 748 842 eo
770 797 842 844 eum
865 779 1010 844 versibus
1033 777 1181 844 codicum
1205 778 1427 845 Plautinorner

231 891 398 959 sententiis
421 889 524 972 mugis
545 907 641 970 quem
661 887 767 953 uerbis
790 886 993 966 conveniunt
1024 886 1178 952 maiorem
1212 893 1336 970 parturn
1358 907 1430 971 per·

230 1003 334 1068 linere
356 998 639 1066 uerisimilius-est
660 996 702 1062 nd
724 996 943 1062 Varronianus
964 995 1094 1062 lnbulus
1116 1009 1212 1078 quum
1249 995 1293 1062 ud
1316 996 1431 1080 depor⁴

232 1110 324 1176 ditas.
371 1109 478 1192 itnque
501 1141 541 1156 --
558 1113 593 1172 ut
622 1127 686 1172 uno
708 1107 856 1190 exemplo
881 1112 953 1172 ntur
972 1139 1014 1152 --
1035 1113 1121 1172 recle
1141 1105 1282 1172 editores
1304 1125 1430 1172 versum

233 1219 365 1286 adden.
379 1217 469 1299 ΙΧ,4
491 1215 689 1301 adscriptum
709 1213 799 1281 ‘sinc
823 1216 915 1281 iusto
936 1217 1025 1280 arum
1048 1213 1180 1282 sedeam
1206 1222 1239 1280 et
1260 1213 1346 1282 dabo
1367 1235 1430 1284 me-

233 1329 315 1395 liors
332 1324 488 1394 comilis'
512 1326 701 1390 rettulerunt
728 1323 772 1390 ad
792 1323 928 1390 Mostell.
954 1325 1034 1389 1094
1056 1344 1126 1407 sqq.
1183 1323 1302 1393 eduum
1324 1330 1432 1390 tumen

193 1431 196 1436 ’
233 1446 284 1504 snt
303 1435 405 1514 multi,
435 1435 491 1516 qui
522 1439 578 1500 eut
611 1432 783 1499 sententiis
817 1439 874 1498 sut
906 1433 1015 1498 verbis
1038 1453 1059 1498 a
1080 1431 1226 1498 versibus
1260 1431 1293 1498 in
1317 1431 1433 1498 Plauto

234 1545 362 1617 trsdltis
381 1545 477 1610 nimis
500 1542 679 1608 discedunt.
723 1542 779 1624 qui
814 1543 842 1608 si
864 1562 939 1608 vere
962 1549 1037 1608 sunt
1058 1543 1240 1610 fabularum
1267 1562 1352 1608 nuno
1376 1541 1433 1608 dc·

236 1654 441 1738 perditurum,
463 1673 485 1716 u
507 1652 623 1718 Servio
644 1671 707 1717 non
730 1671 747 1717 e
768 1650 888 1718 fabulis
919 1651 998 1735 ipsis
1032 1651 1090 1717 sed
1110 1671 1129 1717 e
1150 1653 1432 1735 grammaticorum

235 1764 323 1834 libris
353 1763 517 1846 desumpti
549 1770 633 1828 sunt.
674 1761 733 1828 lrcs
756 1768 861 1828 sutem
885 1763 936 1843 iis,
960 1781 1040 1844 qnos
1065 1782 1083 1827 c
1105 1761 1260 1828 memorie
1281 1760 1433 1836 reddidit.

233 1873 339 1957 mugis
359 1873 499 1938 iunctos
521 1891 593 1937 cum
609 1871 780 1954 reliquisse
802 1871 883 1937 satis
900 1871 1069 1954 probabile
1092 1878 1149 1937 est
1182 1891 1279 1954 quem
1299 1872 1342 1936 cb
1366 1891 1432 1936 uem

233 1983 318 2048 hunc
334 2001 451 2063 sequor
466 1981 632 2061 rationem,
655 1986 691 2046 ut
710 1999 901 2063 couversos,
918 2000 1052 2063 quornm
1075 1981 1198 2046 numeri
1221 1979 1301 2046 sutis
1315 1979 1432 2062 integri

236 2097 323 2166 sunt,
354 2089 542 2172 fragmentis
575 2088 727 2154 odicium.
786 2091 894 2172 itaque
928 2095 1056 2173 praeter
1087 2109 1216 2156 versum
1242 2089 1285 2154 ad
1306 2090 1385 2155 Aen.
1408 2089 1432 2166 1,

240 2200 304 2264 480
323 2197 485 2264 laudatum
510 2191 704 2279 ‘numquam
724 2197 767 2264 ud
799 2198 965 2264 civitatem
997 2198 1093 2264 venio
1127 2199 1188 2264 nisi
1214 2198 1435 2264 circumfortur

239 2307 382 2392 peplum²
410 2309 509 2374 etism
531 2307 620 2372 illum
643 2305 686 2372 ad
712 2305 829 2390 Georg.
853 2307 912 2388 111,
934 2307 995 2372 497
1018 2307 1147 2373 ‘vellem
1166 2328 1217 2372 mc
1233 2309 1266 2372 in
1281 2308 1434 2390 anginam

236 2417 316 2482 verti
341 2423 376 2482 ut
398 2415 472 2482 hnic
494 2415 645 2481 unicolae
666 2415 776 2481 lances
798 2407 1085 2500 proeoccupsrem'
1107 2416 1296 2500 fragmentis
1318 2415 1434 2482 adcen-

233 2545 299 2592 soc.
325 2526 497 2609 perspicue
514 2525 601 2590 enlm
616 2525 649 2588 in
665 2524 730 2590 fine
747 2543 860 2590 versus
883 2525 1014 2590 iambici
1037 2525 1163 2590 numeri
1174 2532 1433 2608 'cognoscunturt

233 2635 310 2701 lruic
337 2635 488 2700 unicolae
514 2634 624 2700 fauces
652 2635 934 2719 praeoccuptrem
958 2636 1158 2717 proclivique
1181 2637 1435 2720 transpositione

234 2743 269 2808 hi
291 2764 404 2811 versus
428 2743 629 2811 efficiuntur:

279 2881 446 2918 erema.
469 2883 509 2918 „s
531 2873 582 2920 me
605 2856 720 2921 vellem
742 2857 824 2920 verti
934 2911 936 2914 .

279 2963 315 3030 ln
338 2964 493 3046 unginum
515 2984 577 3047 qno
600 2962 676 3029 huic
696 2965 845 3030 uniculee
866 2964 977 3031 leuues
1003 2965 1284 3050 praeoccupsrem.

237 3073 355 3153 quibus
378 3072 486 3140 Servii
517 3072 624 3140 uerbis
658 3073 799 3139 editores
832 3073 1055 3140 iudicaverunt
1078 3074 1295 3140 Mostellariec
1323 3095 1434 3141 versus

136 3240 139 3248 .
236 3183 298 3246 218
313 3189 355 3247 *ct
375 3183 437 3246 219

279 3290 314 3354 in
336 3289 489 3372 duginnm
508 3309 573 3372 ego
596 3311 682 3357 nnnc
704 3293 874 3358 md‘velim
897 3293 989 3374 vorti,
1011 3299 1046 3358 rlt
1069 3293 1232 3360 ueneficae
1255 3295 1304 3363 llli
1401 3376 1404 3382 1

279 3399 383 3464 runos
404 3398 603 3482 prehendens
625 3405 722 3482 utque
743 3400 867 3468 enicem
890 3402 1061 3468 scelestum
1082 3403 1322 3468 stimulatrroem

133 3551 137 3558 -
238 3508 448 3590 neglegenter
469 3507 620 3574 describi.
663 3510 716 3574 cui
739 3509 859 3575 iudicio
881 3530 922 3574 nc
945 3508 1126 3594 adstipulcr
1155 3517 1284 3596 praeter
1306 3531 1436 3578 causum

238 3615 381 3684 udlclem
403 3636 442 3682 eo
456 3635 595 3694 moveor,
617 3618 705 3698 qnod
724 3616 809 3683 idem
824 3637 951 3700 versus,
970 3619 1026 3700 qui
1040 3617 1128 3701 apud
1144 3619 1292 3686 Servium
1308 3619 1435 3702 iegitur,
1506 3597 1511 3610 ι

238 3732 345 3792 exstet
367 3725 400 3791 in
423 3725 517 3792 Pauli
539 3745 606 3791 exc.
628 3746 658 3810 p.
671 3726 732 3806 81).
776 3725 974 3807 heidolphus
997 3728 1017 3792 l.
1040 3747 1070 3792 a.
1094 3747 1125 3809 p.
1138 3729 1200 3794 202
1222 3748 1295 3794 eum
1319 3730 1437 3794 conicit

238 3856 257 3901 e
277 3835 385 3901 Seruii
406 3833 539 3900 scholiis
563 3836 596 3900 in
612 3834 705 3900 Puuli
719 3841 842 3900 textum
864 3837 1038 3918 genuinum
1060 3837 1184 3902 illatum
1206 3840 1316 3918 essessl.
1351 3838 1438 3920 quod

239 3963 434 4028 quemquam
457 3945 576 4010 fectum
598 3965 669 4011 csse
693 3965 788 4030 posse
811 3967 874 4010 non
897 3967 990 4030 nego,
1026 3954 1133 4012 tamen
1157 3954 1192 4012 ut
1214 3948 1438 4031 comprobetur

241 4053 391 4120 desidero
413 4053 575 4120 similibus
595 4055 762 4138 exemplis,
784 4075 867 4137 quse
884 4055 1005 4120 Puulus
1022 4041 1140 4121 habeut
1155 4057 1335 4140 importata.
1359 4055 1438 4120 milri

241 4162 450 4228 verisimilius
473 4162 609 4243 videtur,
641 4183 768 4230 versum
789 4185 807 4230 c
831 4165 935 4230 Verrii
958 4167 1062 4248 copiis
1093 4165 1127 4229 in
1148 4165 1315 4246 utriusque
1336 4165 1436 4249 scrip-

243 4273 320 4338 toris
342 4273 443 4338 libros
465 4270 607 4338 fluxisse.
643 4282 814 4358 supersunt
829 4275 954 4356 aliquot
968 4293 1079 4340 versus
1102 4275 1158 4358 qui
1180 4295 1254 4339 num
1271 4275 1340 4340 iure
1356 4275 1438 4341 inter

243 4423 440 4434 ———-—-..

343 4518 369 4584 l)
388 4515 445 4570 crr.
462 4533 489 4584 p.
511 4519 551 4570 16.

341 4615 368 4680 2)
386 4612 512 4666 Eundem
533 4613 748 4682 explicationem
776 4619 841 4668 ante
861 4613 1045 4682 heidolphum
1071 4613 1238 4672 Ritsohclius
1258 4616 1384 4689 protulit
1402 4616 1437 4671 ud
1544 4623 1546 4628 “

238 4710 361 4763 illoslell.
383 4729 408 4763 v.
426 4711 488 4764 218.
