3634 5534
912 503 1086 555 ,ιο-

401 677 434 736 51
448 671 656 737 Neruolariae
680 695 708 757 p.
730 673 796 751 169,
819 670 881 754 61).
918 679 1084 757 praeterea
1106 673 1190 740 sieut
1214 676 1245 739 in
1269 675 1344 741 aliis
1360 677 1498 742 Noniani
1516 697 1594 761 ope·

400 781 445 845 ris
467 780 560 846 libris
594 783 639 846 ita
668 781 814 865 inprimis
851 783 883 847 iu
911 783 1006 848 tertio
1029 783 1125 848 Probi
1150 804 1300 867 magnum
1334 786 1594 852 observationum

400 909 565 956 numerum
589 889 693 958 inesse
715 891 774 956 viri
797 890 884 957 docti
904 892 1014 957 multis
1030 893 1188 976 exemplis
1204 893 1472 960 demonstrarunt.
1512 916 1594 978 quae

399 999 538 1064 Nonium
551 1020 569 1065 5
580 1000 686 1066 Probo
698 1002 770 1085 ipso
784 1000 996 1084 exscripsisse
1011 1003 1168 1068 sententia
1181 1009 1252 1068 erat
1264 1003 1385 1070 Hertzii
1402 1011 1434 1069 51
1447 1005 1595 1071 Kretsch·

288 1119 294 1134 ·
399 1108 479 1174 meri
502 1109 641 1174 refutata
663 1129 682 1174 a
704 1108 811 1174 Keilio
846 1129 977 1190 gramm
1009 1110 1063 1174 lat.
1085 1109 1113 1175 V
1134 1131 1164 1194 p.
1190 1111 1262 1187 570,
1299 1113 1355 1194 qui
1378 1111 1517 1178 Nonium
1537 1113 1596 1180 illa

399 1217 496 1283 Probi
517 1217 654 1283 frustula
677 1217 814 1302 eCapro
835 1219 1011 1302 sumpsisse
1033 1220 1151 1284 statuit.
1188 1220 1271 1285 inter
1296 1239 1343 1297 55,
1369 1240 1452 1302 quae
1474 1228 1594 1288 eertum

398 1335 448 1392 est
470 1345 488 1391 e
503 1326 601 1411 Capri
623 1327 716 1392 libris
738 1325 880 1403 fluxisse,
905 1345 987 1392 unus
1003 1333 1124 1392 tuntum
1142 1347 1253 1394 versus
1268 1328 1439 1395 Plautinus
1456 1331 1592 1414 Agroeei

398 1437 528 1502 fabulae
550 1435 684 1502 interest
711 1435 836 1519 5196,
870 1436 910 1500 31
938 1456 962 1501 s.
984 1455 1012 1501 v.
1040 1436 1151 1502 clunes
1174 1445 1376 1516 memoratus,
1411 1458 1505 1521 quem
1528 1441 1595 1506 sive

400 1547 506 1629 Caper
535 1549 603 1612 sive
626 1547 750 1612 Probus
783 1547 853 1630 1555
878 1566 953 1612 num
977 1565 995 1612 e
1019 1545 1122 1612 Verrii
1152 1565 1248 1626 opere
1271 1549 1480 1632 exscripserit
1501 1550 1596 1616 valde

400 1656 532 1723 dubium
554 1664 603 1722 est
625 1663 755 1740 propter
776 1655 950 1722 lectionum
972 1655 1218 1739 discrepantias.
1254 1664 1430 1722 ceterorum
1447 1678 1594 1724 versuum

399 1768 552 1850 plurimos
567 1764 609 1831 ad
621 1764 758 1832 eundem
770 1766 889 1830 iontem
901 1765 1060 1847 pertinere
1077 1772 1112 1830 ut
1126 1766 1283 1831 coniciam
1302 1785 1340 1832 eo
1356 1787 1496 1843 moveor,
1508 1767 1595 1850 quod

399 1876 506 1941 Plauti
528 1874 710 1940 fabularum
727 1874 965 1959 deperditarum
982 1895 1094 1941 versus
1110 1877 1142 1940 in
1155 1875 1206 1942 his
1230 1876 1313 1961 ipsis
1329 1879 1436 1961 operis
1453 1877 1595 1943 Noniani

400 1984 545 2068 partibus
568 1984 646 2049 mire
669 1985 822 2050 cumulati
846 2003 942 2050 unum
974 1986 1140 2069 exemplar
1163 1984 1340 2068 designare
1362 1986 1519 2065 videntur,
1555 2007 1596 2051 ne

400 2113 556 2176 moneam,
579 2095 690 2175 procul
704 2093 803 2159 dubio
818 2095 917 2160 multo
934 2096 1041 2179 piures
1064 2094 1185 2178 copias,
1209 2115 1305 2177 quarn
1321 2115 1405 2161 nunc
1426 2099 1595 2162 enucleare

399 2202 483 2282 licet,
506 2202 646 2269 Nonium
670 2201 809 2286 eCapro
832 2203 1044 2269 transtulisse.
1081 2203 1136 2284 qui
1160 2208 1284 2268 restant
1304 2223 1414 2269 versus
1437 2205 1595 2272 Astrabae

400 2333 430 2397 p.
455 2313 525 2392 376,
549 2313 567 2375 7
591 2311 719 2378 Colacis
741 2333 771 2395 p.
794 2312 866 2392 545,
896 2314 936 2376 20
958 2311 1077 2378 Medici
1100 2313 1233 2397 parasiti
1256 2331 1288 2396 p.
1312 2313 1382 2389 551,
1417 2315 1594 2379 ,41555115-

399 2442 532 2505 rumque
555 2421 734 2487 fabularum
757 2442 786 2505 p.
809 2423 880 2497 333,
907 2422 946 2486 31
971 2422 1096 2502 51447,
1125 2423 1163 2486 10
1193 2423 1386 2505 quibusnam
1408 2423 1595 2490 auctoribus

400 2533 585 2614 debeantur,
610 2531 679 2596 erui
702 2551 765 2597 555
788 2531 853 2595 ianr
876 2537 990 2614 551551.
1442 2523 1444 2532 '

498 2639 666 2705 Charisius
688 2659 808 2716 omnes,
831 2659 911 2723 quos
926 2639 1055 2707 exbibet
1072 2639 1314 2725 deperditarum
1329 2641 1508 2707 t'abularum
1523 2661 1593 2707 ver·

399 2769 453 2815 sus
476 2751 601 2832 accepit
622 2769 642 2815 a
663 2749 696 2816 C.
712 2751 795 2816 lulio
818 2751 970 2816 Romano.
1005 2751 1033 2816 15
1057 2751 1132 2817 11551
1152 2750 1232 2818 baec
1256 2753 1313 2816 illa
1336 2751 1376 2817 de
1400 2772 1457 2817 suo
1480 2751 1594 2834 adges-

399 2862 484 2938 55111,
508 2860 646 2942 plurima
668 2881 686 2925 e
702 2860 808 2945 Capro
825 2859 1033 2945 deprompsit,
1057 2868 1091 2927 ut
1106 2863 1191 2927 inter
1205 2881 1314 2926 omnes
1331 2868 1466 2927 constat.
1501 2861 1592 2943 quasi

399 2967 640 3035 fundamentum
665 2969 763 3054 Capri
786 2969 886 3036 libros
908 2971 999 3054 operi
1033 2989 1091 3036 suo
1111 2969 1288 3036 subiecisse
1312 2970 1417 3051 iisque
1443 2990 1527 3052 quae
1554 2987 1594 3034 ex

400 3077 460 3143 hoo
481 3076 596 3155 bausit,
630 3078 695 3144 alia
728 3099 767 3144 ex
795 3079 871 3144 aliis
893 3077 1103 3162 scriptoribus
1130 3078 1349 3160 grammaticis
1371 3078 1595 3160 adglutinasse

400 3186 533 3252 ridetur.
557 3206 691 3270 quorum
706 3189 819 3272 555155
841 3187 1023 3253 5551155115
1046 3193 1290 3270 cognoscantur,
1314 3185 1501 3270 praesertim
1522 3203 1594 3249 cum

400 3297 591 3380 saepissime
618 3299 747 3362 nomina
773 3297 916 3380 ipsorum
945 3297 1100 3362 adiecerit
1126 3297 1298 3372 Romanus,
1331 3315 1394 3359 non
1419 3313 1530 3358 vereor
1554 3312 1594 3357 55

278 3465 281 3472 .
400 3426 501 3472 errem
526 3406 727 3473 Friuolariae
760 3425 871 3472 versus
899 3427 929 3491 p.
956 3407 1024 3484 193,
1051 3407 1088 3470 15
1110 3406 1228 3483 51196,
1254 3403 1431 3486 9duosque
1455 3403 1594 3467 incertos

400 3536 431 3598 5.
458 3515 526 3596 197,
554 3515 740 3590 1851242,
776 3516 823 3590 16,
857 3533 936 3597 quoa
962 3534 1002 3580 ex
1023 3513 1179 3580 additicio
1209 3512 1295 3577 15515
1317 3511 1450 3576 fluxisse
1472 3509 1593 3575 nullnm

400 3623 555 3691 indicium
579 3630 637 3705 551,
672 3624 778 3708 Capro
800 3626 990 3691 attribuens.
1034 3625 1129 3708 plane
1153 3622 1346 3689 eontrarium
1376 3618 1593 3686 adhibendum

400 3741 450 3800 est
473 3732 625 3798 iudicium
647 3733 691 3798 ad
715 3732 813 3799 Caeci
835 3733 886 3798 vel
909 3732 1110 3797 Praedonem
1133 3731 1320 3814 fragmenta,
1349 3729 1442 3794 cuius
1464 3730 1595 3795 fabulae

401 3848 557 3926 quotquot
571 3861 683 3907 versus
705 3841 797 3908 nobis
819 3841 929 3906 traditi
951 3846 1034 3919 sunt,
1059 3861 1168 3906 omnes
1191 3840 1302 3905 decem
1325 3839 1466 3905 servavit
1481 3840 1594 3904 Roma-

401 3972 469 4017 nus.
506 3970 587 4034 qnos
610 3951 639 4015 si
655 3951 816 4017 Romanus
835 3971 852 4016 e
870 3949 974 4033 Capro
999 3949 1232 4033 exscripsisset,
1256 3950 1446 4014 miraremur
1469 3955 1595 4013 eeteros

400 4063 583 4146 scriptores,
607 4065 640 4126 ut
662 4062 812 4143 Nonium,
836 4058 1034 4134 Diomedem,
1056 4058 1269 4140 Priscianum,
1291 4061 1323 4124 in
1345 4077 1479 4142 quorum
1501 4055 1595 4122 libris

401 4172 579 4255 permultae
591 4170 688 4255 Capri
702 4170 753 4236 vel
776 4169 884 4254 potius
899 4170 995 4236 Probi
1016 4169 1173 4251 reliquiae
1189 4169 1306 4252 insunt,
1331 4174 1459 4251 praeter
1472 4174 1595 4234 ceteras

401 4280 529 4346 fabulas
545 4281 711 4346 Plautinas
728 4279 823 4345 Caeci
839 4281 889 4344 vel
903 4278 1104 4345 Praedonum
1120 4279 1240 4344 nullam
1256 4277 1373 4344 1551555
1391 4278 1594 4344 mentionem.

401 4388 519 4456 deinde
548 4389 686 4456 Charisii
713 4389 819 4474 eapite
852 4390 876 4472 1,
913 4391 966 4470 15,
998 4388 1089 4456 55155
1122 4384 1234 4456 auctor
1265 4387 1379 4454 eodem
1416 4388 1596 4469 fonteque

502 4631 1642 4722 lldrdrrbammrrllornuweglagentermripsitpmrlierwrrbrbacfmlbarmbrs¹

400 4733 588 4803 lapwb
