3634 5534
762 513 918 562 -7-

231 683 410 768 deperditis
437 683 541 746 locum
570 679 722 745 babuisse
744 682 875 762 eiusque
899 700 1014 746 nomen
1037 681 1224 763 scriptorem
1247 683 1431 762 grammati·

231 813 305 859 cum
329 813 387 876 pro
410 791 504 858 titulo
527 788 712 872 sumpsisse.
757 807 840 869 quae
864 788 1024 853 sententia
1047 807 1087 853 ne
1109 790 1274 855 minimam
1302 787 1431 872 quidem

231 904 331 968 habet
365 899 605 972 similitudinem
638 900 715 964 veri.
759 917 863 981 neque
895 899 976 962 enirn
999 898 1164 982 exemplis,
1199 899 1311 982 qualia
1332 899 1431 964 babes

231 1011 517 1096 Pyrgopolinioem
540 1009 667 1074 titulum
690 1028 747 1092 pro
770 1006 873 1072 Milite
894 1007 1045 1090 glorioso,
1069 1007 1231 1074 Cacistum
1252 1028 1310 1092 pro
1332 1007 1432 1074 Vidu-

231 1125 325 1202 laria,
349 1119 539 1204 Chrysalum
563 1137 621 1201 pro
642 1116 855 1182 Bacchidibus
877 1136 898 1181 a
918 1116 1090 1199 Fulgentio
1119 1117 1251 1201 positos,
1275 1137 1356 1201 opus
1380 1125 1432 1201 est

232 1231 416 1316 adprobari,
446 1226 504 1293 sed
526 1246 543 1291 e
566 1245 671 1290 rerum
694 1233 809 1290 natura
832 1224 979 1296 efficitur,
1013 1224 1077 1290 nisi
1100 1245 1220 1299 eorum,
1248 1227 1305 1308 qui
1328 1227 1361 1290 in
1384 1228 1430 1292 fa·

233 1343 318 1406 bulis
341 1338 461 1422 primas
484 1340 591 1419 partes
615 1340 759 1416 egerunt,
781 1333 913 1398 nomina
931 1338 1005 1416 apte
1033 1332 1183 1398 adhiberi
1207 1353 1271 1399 non
1287 1334 1431 1419 potuisse

232 1469 291 1534 pro
307 1447 420 1514 titulis.
463 1445 565 1528 Syrus
588 1449 695 1509 autem
719 1447 753 1507 ut
775 1461 810 1507 re
832 1461 909 1506 vera
930 1443 961 1506 in
974 1440 1159 1508 Cistellaria
1182 1442 1324 1527 infuerit,
1345 1450 1430 1509 certe

233 1578 297 1623 nou
320 1557 440 1641 primas
463 1553 521 1620 sed
544 1558 723 1636 postremas
747 1552 813 1634 egit
834 1557 942 1635 partes
964 1569 1078 1633 neque,
1102 1559 1255 1633 quantum
1271 1572 1289 1618 e
1304 1553 1430 1622 scaenis

235 1676 285 1733 sat
306 1665 413 1730 multis
435 1663 476 1730 de
498 1662 628 1729 fabulae
650 1667 839 1744 argumento
855 1666 996 1726 statuere
1011 1660 1095 1742 licet,
1118 1659 1294 1743 quidquam
1310 1661 1431 1746 proluit

232 1776 274 1841 ad
288 1777 408 1841 exitum
424 1771 554 1839 labulae
571 1769 792 1837 evolvendum.
828 1775 913 1835 certe
923 1768 1172 1852 Lampadionem
1183 1769 1316 1836 Verrius
1338 1769 1429 1836 tabu·

232 1888 295 1951 lam
307 1885 535 1967 inscripsisset,
549 1885 576 1947 si
589 1881 767 1964 cuiuspiam
779 1899 936 1963 personae
946 1898 1061 1945 nomen
1074 1899 1132 1962 pro
1144 1877 1430 1944 veroGistellarise

231 1997 325 2060 titulo
358 1992 513 2058 inducere
543 1970 726 2056 voluisset.¹
760 1989 870 2071 itaque
905 1989 1086 2071 Ladewigii
1118 1989 1333 2054 coniecturam
1366 2008 1427 2053 non

235 2104 334 2185 probo
369 2119 497 2183 unaque
529 2119 611 2183 quae
646 2099 838 2180 relinquitur
869 2098 1015 2163 Muelleri
1052 2097 1268 2182 explicatione
1299 2104 1429 2180 recepta

236 2211 353 2294 Syrum
386 2206 525 2276 fabulam
558 2210 809 2292 fragmentorum
837 2206 944 2271 ordini
973 2205 1082 2272 reddo.
1126 2224 1230 2288 neque
1253 2204 1427 2288 quidquam

235 2320 330 2400 valet,
366 2316 452 2402 quod
478 2325 607 2400 praeter
633 2316 717 2382 hunc
745 2322 913 2398 utrumque
935 2315 1024 2380 Festi
1047 2317 1151 2380 locum
1174 2334 1330 2397 nusquam
1353 2314 1427 2398 Syri

235 2428 352 2494 mentio
368 2427 456 2512 tacta
477 2433 536 2492 est.
581 2426 708 2493 tabulas
731 2426 816 2492 enim
840 2427 948 2509 plures
974 2425 1128 2490 babemus
1150 2432 1341 2490 memoratas
1365 2443 1427 2490 uno

202 2625 203 2629 Ἰ
231 2544 352 2602 tantum
390 2537 469 2602 loco.
514 2555 618 2619 neque
651 2539 747 2602 etiam
782 2536 839 2601 illo
862 2533 1031 2600 Bitscbelii
1064 2541 1253 2618 argumento
1282 2533 1426 2600 Muellori

232 2647 390 2712 sententia
433 2645 632 2729 profligatur,
667 2665 731 2729 quo
771 2645 858 2712 haud
888 2644 1063 2710 verisimile
1101 2663 1172 2710 esse
1200 2642 1329 2726 ponitur
1361 2650 1426 2708 tam

231 2755 425 2839 peculiarem
452 2757 580 2821 versum
612 2755 644 2820 in
674 2755 798 2821 duabus
821 2776 860 2820 ac
882 2754 1022 2820 diversis
1051 2752 1170 2819 tabulis
1193 2753 1304 2818 fuisse.
1347 2773 1426 2820 sane

231 2865 359 2948 quidem
386 2867 446 2930 iste
468 2885 581 2931 versus
604 2863 690 2930 baud
713 2866 822 2932 stricte
844 2864 1018 2949 respondet
1039 2862 1082 2928 ad
1095 2864 1199 2947 legem
1214 2883 1235 2927 a
1248 2861 1425 2928 Ritscbelio

231 2971 272 3036 de
292 2972 437 3038 versibus
462 2973 587 3038 iteratis
610 2974 825 3052 constitutam,
860 2979 895 3036 ut
915 2991 971 3037 eos
993 2978 1117 3038 tantum
1138 2991 1262 3046 versus,
1294 2973 1350 3055 qui
1371 2992 1425 3056 ge·

231 3083 370 3147 uenalem
403 3082 596 3147 senteutiam
629 3083 795 3147 continent
827 3089 883 3147 out
911 3088 999 3148 certa
1026 3081 1156 3148 dicendi
1183 3081 1319 3147 formula
1342 3102 1424 3147 oom-

229 3192 326 3276 positi
349 3197 435 3270 sunt,
457 3198 586 3274 praeter
607 3211 727 3274 paucas
749 3194 881 3257 voculas
903 3210 1006 3274 aeque
1028 3191 1182 3258 formatas
1204 3191 1353 3258 Plautum
1376 3191 1423 3257 di·

187 3371 192 3382 ·
228 3302 331 3366 versis
354 3299 474 3366 tabulis
497 3299 669 3366 admisisse
693 3300 872 3366 credamus.
916 3307 1057 3367 attamen
1079 3300 1213 3396 eaedem
1234 3321 1284 3368 res
1307 3301 1423 3367 iisdem

228 3411 296 3475 tere
317 3411 426 3476 verbis
449 3410 631 3493 descriptae
654 3430 725 3475 cum
749 3410 781 3475 in
794 3411 899 3475 Plauti
913 3410 1089 3476 comoediis
1106 3409 1237 3493 saepius
1257 3411 1422 3477 invenian-

228 3523 333 3582 tur-
354 3517 510 3595 conferas,
530 3537 571 3581 ne
591 3517 700 3582 omnia
719 3516 868 3600 exempla
882 3536 1074 3596 enumerem,
1095 3517 1233 3584 Poenuli
1243 3539 1272 3585 v.
1285 3521 1421 3605 267sqq.

229 3645 299 3691 uum
310 3625 515 3692 Cistellariae
536 3626 680 3691 versibus
696 3645 715 3690 a
730 3625 906 3693 Ritsohelio
918 3627 1046 3711 Purerg.
1069 3648 1100 3712 p.
1115 3629 1174 3693 174
1187 3648 1255 3712 sqq.
1277 3633 1422 3697 tractatis

227 3735 374 3800 -istius
396 3734 483 3799 modi
504 3755 631 3801 versum
653 3736 701 3801 bis
723 3737 864 3820 positum
885 3743 1022 3802 tuentur.

327 3843 418 3922 Quae
441 3844 482 3910 de
507 3845 609 3911 titulis
635 3845 828 3912 disserenda
859 3853 981 3912 restant
1002 3849 1107 3915 minus
1139 3850 1261 3933 gravia,
1291 3869 1332 3914 ne
1353 3849 1420 3916 lon·

227 3957 300 4038 gius
333 3957 584 4041 disputationem
616 3958 834 4043 producerem,
873 3961 1124 4043 fragmentorum
1158 3960 1420 4030 adnotationibus

227 4067 361 4133 subieci.
400 4067 510 4150 itaque
540 4088 623 4134 nunc
646 4088 696 4134 me
719 4075 870 4135 converto
892 4069 935 4135 ad
964 4070 1098 4135 alteram
1129 4072 1348 4153 quaestionem
1378 4073 1420 4139 de

227 4177 421 4260 auctoribus,
438 4178 471 4241 in
487 4197 620 4260 quornm
635 4177 727 4244 libris
743 4179 925 4244 fabularum
941 4179 1180 4263 deperditarum
1199 4199 1312 4248 versus
1327 4182 1419 4248 nobis

228 4286 347 4352 servati
370 4293 452 4363 sunt,
480 4287 721 4353 instituendam.

325 4395 522 4478 Fragmenta
547 4396 708 4480 Plautina,
742 4418 824 4480 quae
852 4400 955 4466 titulis
980 4400 1161 4466 fabularum
1189 4401 1326 4468 adiectis
1354 4409 1418 4469 tra·

225 4503 296 4570 dita
309 4512 383 4572 sunt
399 4541 438 4550 -
452 4505 495 4572 ab
511 4506 562 4572 his
577 4509 670 4584 euim,
693 4514 727 4573 ut
742 4508 821 4574 satis
837 4515 958 4575 certum
973 4509 1072 4576 totius
1087 4511 1284 4593 quaestionis
1303 4513 1417 4580 funda

225 4620 365 4680 mentum
386 4634 552 4699 ponamus,
576 4617 841 4699 proficiscendum
859 4626 908 4684 est
921 4654 963 4664 —
978 4618 1130 4685 debemus
1150 4620 1241 4686 libris
1254 4620 1415 4699 Varronis,

224 4724 330 4788 Verrii
343 4745 363 4790 a
374 4724 471 4790 Festo
484 4725 648 4807 Pauloque
665 4728 836 4810 excerptis,
856 4728 953 4794 Probi
974 4729 1203 4796 commentario
1219 4729 1416 4815 Vergiliano,
