3658 5532
805 674 866 740 VII

382 786 420 850 A.
443 785 545 852 Velim
568 785 622 851 ted
644 784 794 851 orhitrhri
820 783 950 850 loetum.
978 819 1011 830 -
1031 784 1067 847 Β.
1091 782 1243 849 sedulum
1265 791 1322 859 est,

388 894 451 972 [Si]
473 894 710 960 summoventur
733 893 842 970 histes,
866 892 1066 959 removentur
1080 893 1180 975 lupes.

794 1002 874 1068 VIII
970 1022 972 1028 ’

303 1115 344 1178 30
386 1112 422 1179 Sl
443 1133 507 1179 uon
529 1113 657 1180 strenue
678 1114 805 1192 letetur,
826 1110 881 1176 obi
903 1111 947 1176 sit
968 1131 1081 1178 aurum
1103 1106 1309 1192 [eonditum]‚

386 1222 529 1288 Membra
553 1217 605 1308 [ei]
628 1222 814 1288 exsecremus
836 1241 934 1287 serra.

810 1330 859 1396 lX

389 1441 534 1505 ν1,.011
558 1438 619 1506 loci
641 1459 735 1506 secus
757 1458 852 1521 quum
876 1438 926 1503 me
947 1437 1048 1503 deest.

822 1547 853 1612 X

385 1659 422 1724 Α.
456 1657 536 1736 Quis
564 1663 599 1724 tu
624 1657 669 1738 hs,
699 1658 754 1740 qui
778 1655 876 1751 'duris
903 1657 972 1722 me?
994 1691 1037 1702 -
1059 1657 1094 1722 B.
1125 1655 1189 1722 hlu.
1214 1689 1253 1702 -
1274 1656 1312 1722 A.
1334 1655 1431 1736 Perii,

635 1765 742 1833 herols
765 1765 842 1832 Afer
864 1774 924 1832 est.

713 1907 964 1976 OALOEOLVS

390 2047 531 2081 „Ima
568 2020 755 2085 molluscum
788 2039 903 2132 uueem

307 2129 347 2192 35
392 2129 496 2211 Super
515 2129 585 2194 eius
608 2128 690 2195 dixit
711 2129 898 2214 impendere
921 2128 1056 2228 tegulas.
1172 2163 1176 2170 ·

341 2314 401 2380 VII
423 2313 589 2381 Charisius
617 2335 647 2400 p.
671 2317 742 2395 219,
770 2315 852 2380 9Κ.
887 2311 1063 2382 sedulum
1096 2313 1229 2380 Plautus
1263 2313 1296 2378 iu
1327 2312 1433 2380 (laeuo

243 2422 291 2487 vol
315 2424 346 2487 in
369 2423 601 2505 praedonibus:
626 2423 720 2490 velim
745 2431 777 2488 te
799 2421 950 2488 arbitrari
974 2413 1104 2504 lurtum,
1132 2422 1351 2507 respondetur,
1384 2441 1433 2487 so-

241 2529 350 2596 dulum
374 2537 470 2596 este.
497 2550 526 2612 q.
550 2551 575 2595 s.
620 2529 699 2595 VIII
722 2527 889 2595 Charisius
906 2547 936 2611 p.
953 2529 1024 2610 219,
1049 2529 1086 2592 16
1101 2529 1140 2594 Κ.
1165 2536 1328 2596 strenuo
1343 2528 1435 2596 Pluu-

241 2647 292 2707 tus
315 2642 348 2706 in
372 2639 477 2706 (luero
499 2641 551 2706 vel
575 2641 608 2704 iu
631 2636 865 2721 praedonibus:
887 2638 916 2704 si
939 2657 1001 2702 uon
1023 2657 1050 2702 e.
1073 2658 1103 2719 q.
1128 2658 1152 2703 s.
1196 2637 1245 2704 IX
1266 2637 1435 2704 Charisius

241 2769 271 2833 p.
288 2751 360 2832 220,
386 2751 424 2816 19
439 2751 475 2816 Κ.
499 2768 613 2816 ssous
637 2769 693 2834 pro
716 2749 808 2814 allier
830 2747 1042 2814 Naevius...
1065 2753 1098 2814 et
1117 2747 1249 2814 Plautus
1265 2747 1298 2813 in
1315 2747 1435 2814 Caeco:

242 2857 321 2924 nibil
343 2879 370 2926 e.
392 2879 422 2941 q.
447 2879 471 2925 s.
517 2857 735 2924 XChsrisius
759 2877 789 2941 p.
812 2858 882 2936 240,
905 2859 924 2920 3
948 2857 987 2922 K.
1011 2875 1068 2922 mu
1096 2856 1231 2922 Plautus
1265 2859 1296 2921 iu
1330 2857 1436 2926 (laeuo

241 2969 292 3034 vel
316 2970 348 3034 in
372 2967 604 3052 praedonibus:
626 2968 749 3049 quise.
773 2986 802 3048 q.
826 2987 849 3032 s.
1355 3027 1356 3032 ,

342 3073 592 3142 GALGEOLVS
625 3074 806 3140 Macrobius
828 3073 896 3140 Sat.
917 3073 977 3155 Ill,
1006 3074 1054 3157 18,
1077 3074 1097 3138 9
1119 3092 1256 3141 uuoem
1277 3076 1436 3142 mollus-
1461 3087 1464 3092 '

243 3264 272 3316 iu
291 3261 701 3332 &supposuissemus
729 3261 796 3314 mihi
822 3277 876 3314 uou
900 3260 1049 3332 persuasit.
1087 3262 1121 3314 28
1147 3277 1291 3328 perperam
1310 3261 1438 3328 Bothr'us,

243 3375 318 3428 quem
341 3357 457 3413 Weisr'us
475 3359 606 3427 sequitur,
623 3358 807 3427 respondetur
825 3357 960 3411 adiectum
979 3357 1116 3426 ueptepsus
1136 3357 1436 3426 uuipsrsouoeutruru·

243 3471 292 3524 pus
310 3471 413 3510 uersum
435 3454 539 3509 tribuit.
576 3472 659 3524 nepus
677 3455 709 3508 de
726 3455 783 3512 sius
801 3454 955 3509 eouisrtura
973 3454 1067 3508 sedulo
1088 3472 1146 3508 esse
1164 3470 1249 3524 orpus
1267 3453 1300 3508 ds
1317 3453 1436 3508 uumerus

243 3549 364 3606 chariss
386 3551 472 3606 rerhr's
491 3551 524 3605 uh
543 3568 572 3606 eo
590 3551 734 3606 tuouuaro
751 3567 821 3620 opus
838 3555 877 3603 est
896 3551 974 3604 uerba
992 3553 1090 3616 furere.
1131 3555 1159 3603 te
1172 3549 1246 3604 codd.
1259 3550 1306 3604 ted
1320 3547 1437 3604 Bueche-

242 3648 313 3702 lerus
331 3649 405 3702 Mus.
420 3648 506 3704 ereu.
521 3647 664 3704 XXXIX
680 3652 772 3717 (1884)
790 3665 819 3717 p.
840 3646 974 3702 1130110.
1007 3647 1132 3700 sedulum
1151 3652 1194 3701 est
1213 3647 1289 3702 codd.
1309 3646 1436 3700 sedulum

244 3748 285 3798 est
313 3746 336 3797 si
365 3745 541 3799 Buechelerus
569 3745 633 3799 ihid
688 3746 722 3798 19
747 3745 840 3798 hostes
869 3741 944 3799 codd.
974 3743 1060 3797 iustos
1087 3743 1186 3813 scripsi
1213 3744 1264 3811 cfr.
1292 3744 1363 3799 Ruri.
1382 3747 1438 3798 842

245 3841 359 3896 Pastor.
386 3841 437 3896 iuo.
464 3841 519 3896 ius.
539 3845 572 3896 71
592 3841 669 3895 Rr'hh.
707 3839 813 3910 lapides
841 3838 916 3894 codd.
946 3840 1022 3908 lupos
1052 3831 1233 3894 Buecheleruu
1260 3840 1357 3894 colluto
1378 3841 1438 3894 Ihr'·

243 3937 331 3990 uisui
348 3939 369 3992 Ι
379 3953 409 4007 p.
428 3941 491 3998 250,
511 3938 570 3991 9H.
626 3937 660 3990 30
679 3937 822 3990 ooudItum
841 3941 866 3989 et
896 3939 927 3988 31
948 3935 973 3988 ei
992 3934 1091 3990 adiecit
1109 3934 1273 3990 Rr'tsohelr'us
1290 3935 1389 4006 Opuso.
1405 3937 1443 3990 II

240 4051 271 4103 p.
289 4039 345 4092 326
357 4051 482 4090 numeros
503 4035 654 4089 trochaicus
665 4035 817 4088 restiturus.
856 4033 914 4088 eius
928 4033 1048 4088 Bothius
1064 4033 1194 4086 inseruit.
1231 4032 1439 4086 3110111110οΜ.

243 4131 283 4184 m'l
301 4131 427 4187 Bothr'us.
474 4133 603 4202 excerptis
619 4131 651 4185 ds
668 4147 745 4186 seous
764 4131 940 4186 0000100000
959 4130 1093 4184 Plautu'uo
1111 4145 1129 4182 u
1148 4129 1278 4198 Laupeuo
1299 4127 1441 4198 Beitraepe

244 4233 291 4282 ste.
309 4243 340 4297 p.
360 4232 413 4282 138
433 4227 627 4298 conputetur
648 4243 740 4283 uersus
758 4227 870 4283 secedit.
907 4229 940 4280 33
960 4227 1040 4296 pueri
1061 4227 1095 4281 N
1112 4226 1173 4295 peri
1193 4225 1303 4294 operti
1322 4224 1440 4278 Bothius

244 4339 303 4378 oum
328 4325 468 4393 prioribus
493 4324 646 4380 editoribus.
686 4339 817 4394 personas
846 4329 915 4379 recte
932 4323 1062 4378 distiuuit
1087 4322 1215 4391 Botulus,
1233 4337 1297 4375 uum
1315 4337 1362 4374 mu
1385 4335 1440 4374 uon

245 4436 300 4474 esse
326 4420 496 4489 deploroutIs
522 4422 568 4476 sed
596 4421 768 4476 hothutieutis
789 4419 930 4475 rulusdum
959 4420 1034 4474 doust
1057 4419 1145 4473 Varro
1172 4418 1238 4472 del.
1259 4419 1276 4471 1.
1302 4417 1368 4485 VII,
1390 4421 1440 4471 101

246 4535 368 4572 mussare
390 4519 505 4584 dictum,
534 4519 607 4588 quod
635 4519 707 4572 muti
736 4535 792 4572 non
810 4517 929 4586 emplius
949 4533 1032 4586 quam
1051 4517 1090 4587 μῦ
1107 4515 1212 4569 dieunt.

345 4615 492 4670 (1110100010
515 4615 541 4668 Β
555 4615 582 4668 P
629 4617 664 4668 34
683 4631 780 4678 nucem
804 4615 966 4668 molluscum
985 4613 1113 4679 Botulus,
1133 4611 1180 4679 pur'
1196 4627 1280 4664 uuum
1297 4611 1440 4664 iambicum

246 4709 414 4764 octonarium
432 4711 533 4778 efficere
553 4718 668 4765 conatus
686 4717 733 4765 est.
776 4713 810 4764 so
834 4712 892 4764 dixi
917 4710 1059 4765 osbernus.
