3626 5530
774 562 805 571 ,-
840 533 878 586 35
918 563 949 571 -

265 709 410 773 16616661
421 703 597 790 disputatio
610 711 729 769 nostra.
749 723 825 770 usus
838 711 887 770 661
901 703 1012 770 Sticho
1027 706 1169 787 genuina
1184 707 1296 772 fabula
1309 705 1460 773 Plautina

264 835 422 899 egraeca
443 813 600 898 Adelphis
622 813 791 879 Menandri
818 815 945 894 sacta1),
974 833 1068 896 quam
1097 814 1246 895 adhibuit
1267 815 1309 881 ad
1331 818 1459 883 tertiam

264 932 297 992 61
306 925 443 990 t'ortasse
454 923 496 989 ad
509 923 646 989 mediam
663 943 765 988 novae
778 911 881 989 Stichi
898 929 1022 1006 partem
1034 913 1307 990 conscribendam.
1324 927 1459 1009 primam

265 1040 386 1119 partem
410 1053 428 1098 e
447 1033 638 1099 Neruolaria
660 1031 806 1117 sumpsit.
839 1051 921 1115 quae
943 1053 994 1098 res
1016 1034 1109 1099 uobis
1133 1051 1243 1098 ansam
1262 1035 1396 1118 praebet
1418 1035 1459 1100 ad

266 1149 487 1226 argumentum
510 1143 720 1208 Neruolariae
743 1141 992 1208 enucleandum:
1014 1143 1126 1208 titulus
1149 1142 1244 1208 docet
1265 1144 1320 1226 agi
1341 1142 1383 1210 de
1406 1143 1460 1210 ho-

265 1253 349 1319 mine
377 1259 433 1318 aut
459 1251 640 1317 bominibus
670 1271 768 1317 nervo
796 1253 988 1317 constrictis.
1035 1252 1088 1317 cni
1122 1271 1194 1317 cnm
1228 1251 1386 1319 adicimus
1421 1273 1460 1319 ea

264 1379 346 1443 quae
369 1379 388 1425 6
415 1358 527 1426 Sticho
556 1360 771 1443 comperimus
805 1364 901 1442 atque
933 1377 1037 1442 pauca
1070 1379 1154 1442 quae
1181 1361 1363 1444 fragmenta
1388 1363 1461 1447 ipse

264 1468 410 1551 offerunt,
434 1468 494 1534 hoc
515 1467 582 1535 fere
605 1475 827 1552 argumentum
849 1471 1067 1535 restituimus:
1091 1476 1184 1552 pater
1204 1471 1300 1551 filias,
1323 1489 1459 1554 quarum

265 1578 373 1643 mariti
405 1584 478 1643 ante
512 1584 576 1644 tres
613 1597 714 1644 annos
748 1578 843 1644 domo
875 1581 1032 1660 abierant,
1066 1579 1187 1645 invitas
1217 1579 1293 1645 aliis
1318 1581 1398 1647 viris
1425 1583 1458 1646 iu

265 1688 498 1753 matrimonium
521 1687 599 1754 dare
621 1688 696 1753 volt.
730 1687 881 1754 mulieres
903 1689 1005 1771 patris
1029 1689 1178 1772 precibus
1194 1709 1258 1754 non
1281 1691 1459 1773 obsequun-

263 1804 315 1862 tur
338 1798 522 1880 maritisque
545 1805 580 1862 ut
602 1797 697 1862 fidem
720 1804 857 1877 servent,
891 1799 1057 1863 firmantur
1089 1799 1203 1864 nuntio
1232 1798 1342 1865 adlato
1364 1799 1459 1864 mari·
1534 1849 1537 1854 .

263 1913 312 1971 tos
335 1905 450 1972 redire.
507 1906 539 1970 bi
569 1913 675 1970 tamen
698 1907 739 1971 ob
761 1907 902 1989 aliquam
926 1927 1057 1972 causam
1080 1909 1186 1972 nervis
1205 1908 1305 1973 vincti
1321 1908 1459 1974 retinen-

263 2023 322 2082 tur.
355 2015 464 2098 itaque
488 2023 579 2099 pater
602 2015 772 2090 consilium
796 2035 887 2082 suum
912 2017 1045 2081 festinat
1061 2017 1276 2100 mulieresque
1298 2016 1361 2081 iam
1385 2026 1460 2084 sunt

263 2144 413 2191 cessurae
436 2125 530 2209 patri,
554 2145 623 2190 cum
647 2127 679 2189 in
702 2132 850 2208 tempore
873 2127 979 2191 mariti
1001 2127 1138 2192 fortasse
1153 2125 1274 2192 astutia
1295 2146 1458 2192 servorum

263 2236 389 2300 liberati
410 2233 545 2300 redeunt
567 2237 736 2317 omniaque
760 2236 793 2299 in
816 2234 935 2300 bonurn
958 2242 1140 2301 vertuntur:
1163 2235 1249 2302 servi
1272 2237 1305 2301 in
1326 2235 1457 2302 liberta·
1551 2277 1553 2281 ν

262 2352 326 2411 tem
345 2352 497 2410 vocantur
519 2350 551 2409 et
573 2345 722 2410 mulieres
746 2343 786 2410 ob
819 2342 913 2409 fidem
948 2330 1107 2410 servatam
1142 2344 1377 2412 collaudantur.
1418 2367 1459 2411 ex

262 2454 406 2520 versibus
428 2456 563 2519 servatis
586 2454 628 2518 611
649 2460 872 2535 argumentum
895 2453 1149 2537 intellegendum
1171 2456 1235 2518 v.2
1256 2446 1458 2536 ‘prohibent-

263 2584 324 2647 que
340 2563 467 2628 moenia
482 2564 558 2646 alia,
580 2562 663 2628 unde
686 2583 745 2645 ego
762 2563 877 2646 fungar
893 2554 981 2628 mea'
1004 2571 1036 2629 et
1057 2565 1120 2627 v.5
1140 2561 1267 2628 ‘vinum
1290 2563 1459 2630 sublestis-

265 2663 393 2739 simum'
427 2672 514 2739 haud
542 2673 658 2737 valent.
700 2670 835 2737 duorum
862 2679 1052 2754 amatorum,
1082 2692 1162 2754 quos
1186 2678 1277 2757 pater
1299 2694 1370 2738 cum
1390 2692 1458 2737 mu-

265 2781 395 2848 lieribus
419 2782 541 2864 nuptiis
566 2782 760 2864 coniungere
784 2779 899 2856 studet,
926 2801 1079 2872 personas
1095 2780 1287 2847 efficimuse
1310 2781 1458 2848 versibus

262 2885 473 2975 4‘producte
506 2889 676 2973 prodigum
705 2910 778 2956 esse
807 2898 983 2956 amatorem
1005 2890 1152 2956 addecet‘
1187 2897 1220 2956 et
1253 2884 1457 2956 b‘irlsanum

261 3001 355 3067 valde
389 3007 519 3082 uterque
552 2999 705 3066 deamat’.
750 3001 790 3066 de
813 3007 905 3084 patre
934 3000 1077 3084 loquitur
1105 3020 1226 3084 6611116,
1261 3007 1296 3067 ut
1317 2999 1457 3084 videtur,

260 3134 289 3177 v.
315 3113 331 3175 l
362 3105 511 3176 ‘scobina
543 3110 576 3175 ni
609 3131 669 3193 ego
697 3110 787 3176 illum
817 3118 960 3177 actutum
993 3111 1110 3176 adraso
1141 3101 1271 3176 senem’.
1301 3114 1458 3176 versus3

258 3215 434 3287 ‘ocissume
457 3241 515 3285 nos
537 3220 631 3285 liberi
654 3221 813 3300 possimus
835 3221 916 3286 fieri'
938 3221 1146 3286 verisimilius
1169 3221 1329 3287 deservis
1351 3221 1457 3287 dictus

261 3338 310 3396 est
332 3329 535 3414 sperantibus
558 3331 626 3395 fore
647 3338 681 3395 ut
703 3329 994 3413 manumittantur,
1018 3331 1171 3413 quamde
1194 3332 1343 3414 ingenuis
1359 3351 1457 3396 nervo

261 3439 386 3505 vinctis.
421 3459 502 3505 unus
516 3446 639 3504 tanturn
654 3459 766 3504 versus
783 3439 800 3502 7
815 3437 980 3521 ‘scrattaq
1004 3439 1224 3523 scrupipedae‚
1247 3439 1456 3523 strittivillae,

260 3547 423 3614 sordidae‘
449 3551 481 3613 in
503 3547 686 3614 meretrices
710 3547 824 3631 dictus,
854 3548 1013 3631 quomodo
1036 3568 1106 3614 cum
1129 3557 1318 3632 argumento
1343 3570 1457 3615 conec-

261 3659 376 3724 tendos
398 3657 451 3739 sit,
484 3659 571 3723 latet..
600 3657 807 3722 ve1·isimilius
829 3664 935 3722 tamen
958 3657 1062 3723 babeo
1085 3657 1125 3724 de
1148 3659 1370 3724 meretricibus
1391 3679 1456 3724 ser-

260 3788 384 3834 monem
407 3773 530 3833 tantum
552 3767 662 3848 fuisse,
686 3787 781 3847 quam
804 3768 947 3851 ipsarum
970 3769 1002 3832 in
1024 3767 1151 3850 agendo
1174 3775 1290 3852 partes

358 3877 447 3942 Haec
483 3875 523 3942 de
549 3875 738 3942 Neruolaria
770 3884 801 3941 et
834 3875 944 3942 Sticho
974 3877 1002 3942 si
1037 3878 1251 3960 probabiliter
1281 3877 1456 3961 disputavi,

260 3986 387 4051 Stichus
409 3988 551 4069 genuina
573 3994 695 4051 mature
722 3985 908 4051 oblitterata
935 3993 991 4051 est.
1033 3986 1124 4052 cuius
1158 3988 1190 4050 in
1223 3988 1456 4053 16611116θί11-

260 4094 402 4161 sinuavit
425 4097 527 4161 altera
549 4095 678 4161 Stichus
702 4095 831 4161 saeculo
854 4095 895 4159 ab
919 4116 948 4160 u.
972 4116 998 4160 6.
1024 4097 1159 4179 septimo
1183 4096 1313 4161 ineunte
1338 4115 1355 4161 6
1377 4096 1456 4161 dua·

260 4205 320 4271 bus
341 4203 514 4286 comoediis
541 4204 702 4269 Plautinis
724 4211 896 4269 contracta.
938 4205 1032 4269 istam
1055 4205 1208 4287 fabulam,
1232 4207 1265 4270 in
1287 4225 1385 4288 quam
1408 4204 1456 4269 di-

260 4311 404 4378 dascalia
435 4315 552 4379 veteris
575 4311 677 4379 Stichi
711 4313 869 4379 translata
897 4322 955 4385 est,
991 4333 1062 4378 cum
1095 4333 1252 4380 consensu
1274 4315 1455 4397 grammati-

359 4567 385 4634 1)
403 4565 463 4619 Hoc
491 4565 571 4619 docet
593 4533 754 4634 didascalia,
787 4585 857 4635 quae
877 4567 971 4620 Sticho
1000 4566 1137 4636 genuinae
1165 4566 1293 4634 adposita
1311 4569 1409 4635 postea
1427 4567 1456 4620 in

259 4681 359 4716 novam
381 4663 469 4718 Stichi
496 4663 620 4716 fabulam
644 4665 782 4717 translata
809 4668 858 4717 est.
897 4664 1075 4717 didascaliam
1094 4663 1129 4716 ad
1149 4663 1295 4716 Menandri
1314 4663 1456 4732 Adelphos

260 4763 377 4817 alteram
398 4765 523 4831 spectare
542 4761 665 4814 ostendit
678 4760 725 4813 Fr.
736 4761 888 4815 Schoellius
899 4761 928 4812 in
939 4760 1107 4814 h'lechoiseni
1118 4761 1217 4814 Annal.
1232 4763 1299 4815 1879
1312 4779 1338 4830 p.
1350 4762 1385 4814 44
1396 4778 1455 4830 sqq.
