3634 5534
947 712 1094 778 RF'FVM

559 827 650 897 Nune
682 825 761 893 iliud
793 832 843 892 est
873 713 960 908 qugd
991 842 1180 907 responsum
1213 823 1344 887 arretini
1377 821 1464 887 ludis
1496 821 1601 904 magis

854 933 972 1002 dieitur

557 1048 682 1128 Periba
705 1049 734 1114 si
755 1066 819 1112 uon
839 1045 957 1126 fecero,
980 1045 1009 1110 si
1024 1044 1109 1126 fisso,
1131 1042 1302 1128 rapuiribo.

873 1238 1135 1306 FRIVOLARIA

997 1366 1013 1431 1

556 1478 721 1548 commodo
743 1477 928 1544 dictitamus

989 1601 1022 1666 11

557 1718 591 1784 Is
626 1715 704 1782 mihi
737 1721 808 1780 eret
838 1712 923 1792 bilis,
959 1713 1014 1787 [is]
1048 1729 1135 1792 aqua
1159 1709 1308 1790 intercus,
1333 1708 1375 1790 [is
1397 1707 1479 1789 erat]
1502 1708 1601 1775 tussis

856 1824 1046 1904 querquera.

507 2060 682 2128 FRFTVM
704 2059 829 2126 Gellius
844 2059 884 2124 N.
897 2059 934 2123 A.
947 2059 1005 2134 ΙΙΙ,
1023 2060 1054 2139 3,
1070 2058 1088 2122 7
1111 2077 1170 2124 uos
1185 2075 1311 2140 quoque
1327 2056 1389 2141 ipsi
1404 2057 1599 2141 nuperrime,

408 2191 480 2237 eum
503 2172 683 2254 legeremus
706 2169 838 2235 Fretum
862 2203 901 2214 ·-
924 2187 1040 2233 nomeu
1055 2173 1105 2232 est
1120 2167 1153 2232 id
1168 2167 1366 2247 comoediae,
1381 2185 1477 2248 quam
1492 2166 1599 2234 Plauti

408 2299 481 2346 esse
512 2279 644 2362 quitiam
678 2299 741 2344 uon
764 2284 879 2361 putant
902 2313 943 2321 —
967 2275 1044 2341 haut
1078 2277 1250 2359 quiequam
1272 2275 1499 2349 dubitavimus,
1522 2276 1601 2358 quiu

319 2433 322 2438 -
408 2408 449 2455 ea
469 2387 575 2456 Plauti
610 2387 693 2454 foret
725 2395 757 2454 et
788 2385 929 2452 omnium
955 2384 1085 2466 quidem
1107 2385 1247 2450 maxime
1268 2385 1419 2468 genuina.
1464 2372 1601 2468 Exque

409 2498 472 2566 duo
502 2498 560 2566 hos
592 2517 704 2565 versus
740 2496 978 2580 exscripsimus,
1011 2503 1045 2560 ut
1077 2493 1244 2560 historiam
1266 2513 1493 2577 quaereremus
1514 2512 1599 2559 ora·

409 2607 492 2673 ouli
514 2606 701 2674 arretini:
724 2624 808 2672 uuuo
831 2604 911 2670 illud
934 2625 962 2670 e.
986 2625 1015 2688 q.
1038 2624 1062 2669 s.

508 2715 771 2782 FRIVOLARIA
801 2715 817 2780 l
850 2713 1018 2780 Charisius
1040 2735 1069 2798 p.
1094 2715 1163 2792 193,
1190 2715 1230 2780 14
1250 2715 1288 2780 Κ.
1319 2735 1379 2798 par
1412 2720 1471 2790 est,
1504 2719 1539 2778 ut
1570 2715 1602 2778 iu

408 2826 517 2894 multis
540 2823 711 2910 generibus
735 2823 828 2890 istius
844 2823 930 2888 modi
946 2823 1110 2903 dictionis,
1134 2821 1337 2889 commodo
1359 2820 1598 2906 commodeque,

408 2943 444 3004 ut
464 2935 598 3002 Plautus
620 2934 653 2998 iu
678 2931 857 2998 Friuolaria
875 2930 1053 2998 ‘commodo
1076 2930 1287 2998 distitemus’.
1317 2932 1359 2997 id.
1377 2952 1407 3018 p.
1425 2932 1495 3006 196,
1521 2932 1541 2994 9
1559 2932 1600 2996 K.

408 3045 558 3112 similiter
572 3049 604 3110 et
618 3042 783 3108 oommodo
798 3042 958 3124 dixerunt,
972 3049 1008 3106 ut
1025 3043 1156 3107 Plautus
1172 3041 1205 3106 iu
1222 3041 1408 3108 Friuolaria.
1469 3042 1502 3106 ΙΙ
1518 3041 1599 3106 Pau-

408 3154 459 3222 lus
482 3174 512 3237 p.
535 3154 606 3232 256,
632 3154 668 3218 ll
685 3152 726 3218 M.
750 3170 1009 3234 querquetum
1032 3149 1187 3233 frigidam
1202 3168 1272 3216 oum
1288 3157 1424 3217 tremore
1440 3151 1599 3218 aGraoeo

506 3371 622 3427 Fretum
640 3371 875 3428 codri.Feretrum
891 3371 1057 3428 Ritseiueiius
1077 3372 1191 3442 Parery.
1207 3389 1238 3442 p.
1251 3376 1303 3426 130
1320 3372 1441 3427 soniam.
1509 3374 1542 3425 61
1562 3370 1603 3425 sie

408 3469 483 3525 codd.
495 3487 568 3526 nune
578 3470 649 3523 iilud
660 3474 702 3524 est
713 3483 797 3540 quom
807 3469 902 3524 Arreti
915 3469 989 3523 ludis
999 3468 1107 3540 mignis
1117 3471 1277 3540 responsum
1288 3469 1372 3524 datur
1380 3468 1511 3526 Horisius
1521 3468 1601 3522 Rom.

409 3566 524 3622 Gellium.
535 3572 619 3621 moui.
638 3571 709 3621 1868
724 3582 752 3635 p.
762 3569 796 3621 19
815 3566 978 3622 Luobbertus
989 3564 1139 3620 Graminat.
1158 3565 1235 3622 stat.
1246 3565 1389 3636 1112214.
1409 3565 1602 3633 hooestillud,

409 3662 488 3732 Quod
501 3663 650 3718 arietinum
669 3663 774 3718 dieitur
794 3663 955 3732 responsum
974 3663 1083 3734 magnis
1096 3661 1168 3717 liudis
1179 3663 1303 3718 Bothius.
1322 3664 1397 3735 quod
1412 3680 1485 3717 nune
1494 3663 1602 3716 illustre

409 3765 459 3830 est,
494 3758 573 3828 Quod
600 3761 749 3815 arietinum
772 3777 935 3829 responsum
955 3759 1064 3828 magnis
1083 3759 1155 3813 ludis
1174 3759 1279 3814 dicitur
1302 3759 1465 3814 Ritseheiios
1491 3759 1600 3827 Parere.

404 3872 435 3926 p.
453 3860 496 3912 85.
527 3875 601 3912 nune
630 3859 672 3912 est
699 3857 773 3925 quod
801 3873 963 3926 responsum
991 3856 1141 3909 arietinum
1160 3856 1232 3910 liudis
1250 3856 1359 3928 magnis
1384 3855 1487 3910 dieitur
1505 3851 1602 3909 Fleck-

408 3952 512 4007 eisertos
540 3951 598 4008 Zur
615 3952 712 4010 KrItrit
730 3951 757 4008 d.
775 3953 926 4020 Dichterfr.
945 3953 968 4008 b.
988 3952 1053 4008 Geli.
1082 3969 1111 4022 p.
1131 3957 1179 4009 22.
1204 3970 1279 4008 nune
1296 3952 1375 4030 'illud
1403 3958 1445 4008 est
1463 3928 1603 4006 Arretinis

409 4049 484 4118 quod
512 4067 674 4120 responsum
701 4050 773 4105 liudis
800 4051 907 4121 maguis
935 4050 1038 4105 dicitur
1057 4049 1125 4106 idem
1140 4065 1196 4105 eur.
1216 4065 1266 4106 sec.
1304 4065 1408 4106 tersum
1427 4065 1601 4104 tartaronum

406 4145 493 4214 potui.
552 4148 586 4202 62
604 4147 727 4216 peribosi
747 4148 807 4216 Ppr
843 4147 875 4201 de
893 4145 959 4201 faxo
976 4147 1026 4214 afr.
1047 4147 1102 4203 Leo
1121 4147 1214 4202 Herm.
1234 4147 1350 4202 XVIII
1360 4163 1390 4216 p.
1408 4149 1469 4202 585.

514 4242 701 4302 Friuolariam
719 4243 828 4298 titatium
847 4243 954 4298 auaris
970 4241 1097 4308 fictilibus
1119 4243 1268 4299 mutatum
1292 4257 1347 4298 esse
1368 4241 1493 4298 umiliter
1510 4257 1542 4296 ue
1560 4241 1602 4296 Ci-

409 4339 561 4394 stellariam
579 4345 604 4395 ut
622 4339 795 4395 Vidulariam
810 4343 943 4411 proponit
965 4340 1090 4397 Locutus
1109 4340 1211 4395 Prodr.
1228 4355 1258 4410 p·
1278 4343 1342 4396 292.
1385 4353 1477 4395 uermes
1486 4340 1521 4393 69
1531 4355 1599 4393 eum·

408 4441 528 4504 paratus
545 4452 603 4492 eum
623 4437 705 4493 Gellii
721 4439 809 4494 uerbis
827 4440 866 4496 N.
883 4439 919 4493 A.
939 4439 1057 4501 XVIII,
1081 4443 1107 4507 7,
1131 4443 1150 4493 3
1169 4439 1291 4510 glosario
1314 4453 1435 4507 namque
1457 4436 1602 4506 conlegitis

410 4535 439 4584 et
456 4531 566 4602 iexidim
585 4549 629 4588 res
648 4538 753 4590 taetras
771 4540 800 4590 ot
817 4536 912 4592 inanes
932 4540 960 4591 et
970 4535 1093 4604 frivolas,
1113 4541 1254 4605 tamquam
1270 4537 1417 4590 mulierum
1430 4551 1511 4590 voees
1522 4549 1602 4602 prae·

409 4629 524 4686 tearum
551 4629 673 4687 iudicare
697 4631 812 4701 uidetur,
839 4634 920 4688 etium
939 4634 1019 4688 iuius
1045 4633 1120 4688 tituli
1148 4631 1250 4688 frivola
1277 4632 1451 4687 mansiatiuia
1468 4632 1603 4685 intellecto

409 4743 471 4782 esse.
544 4730 578 4782 64
602 4747 663 4784 oras
687 4730 775 4784 Prisc.
800 4729 877 4784 codd.
902 4729 1070 4784 RBADK.
1107 4730 1171 4784 bilis
1195 4729 1284 4785 Prisc.
1312 4735 1335 4782 et
1365 4727 1441 4782 Festi
1469 4734 1493 4782 et
1517 4727 1604 4781 Porcii
