3634 5534
717 529 891 580 ..ss-.-

786 697 820 764 11

275 815 315 878 80
360 811 594 894 Probibdntque
615 811 742 876 moenia
763 809 838 893 aliu,
862 810 946 876 unde
967 833 1027 894 ego
1050 813 1167 894 iungar
1187 831 1266 876 mea.

779 919 829 984 111

356 1030 424 1097 Nos
447 1029 539 1096 libori
563 1032 722 1113 possimus
744 1028 814 1094 lieri
838 1032 1004 1096 ocissume.

779 1135 823 1202 IV

359 1249 517 1316 Prodrictc
539 1247 706 1332 prodigum
730 1251 802 1315 esse
821 1247 1167 1350 'amatorem'dddecet

788 1357 815 1422 V

356 1517 362 1532 .
386 1522 392 1536 .
415 1519 422 1534 .
447 1522 454 1534 .
478 1471 586 1534 vinum
609 1465 886 1534 sublestissimum.

202 1706 412 1790 (inervolaria
435 1705 461 1770 F
486 1702 704 1792 [interpolatis
727 1702 775 1789 Vl
791 1703 888 1785 Glllz
911 1703 1075 1770 scobinanr
1088 1726 1113 1771 c.
1129 1727 1158 1789 q.
1177 1727 1200 1771 s.
1231 1707 1395 1773 scobinam

203 1841 223 1884 a
245 1805 357 1890 scobe3
380 1815 458 1881 lima
479 1818 564 1882 enirn
588 1815 724 1880 materia
748 1815 872 1880 fabrilis
896 1823 953 1880 est.
985 1815 1017 1880 II
1039 1815 1153 1881 Festus
1168 1837 1198 1900 p.
1216 1817 1285 1893 145,
1301 1819 1340 1881 27
1354 1817 1394 1881 Μ.

204 1948 315 1994 moen
326 1927 371 2007 ia,
393 1925 485 2004 muri;
510 1933 543 1991 et
564 1932 672 1990 cetera
687 1923 880 1989 muniendae
895 1925 983 1989 urbis
996 1926 1102 2007 gratia
1116 1925 1217 1990 lacta:
1234 1933 1267 1990 ut
1278 1925 1395 1994 Accius

205 2037 235 2100 in
258 2035 462 2101 Hellenibus:
485 2033 580 2118 signa
606 2055 631 2100 e.
654 2054 684 2116 q.
708 2053 731 2099 s.
755 2033 919 2116 significat
941 2035 1036 2098 etiarn
1060 2033 1175 2097 officia.
1205 2033 1338 2100 Plautus
1352 2033 1393 2099 'in

207 2143 407 2209 Neruolaria:
432 2143 663 2226 prohibentque
686 2163 712 2208 e.
736 2163 765 2225 q.
789 2163 812 2208 s.
849 2143 955 2207 eudem
977 2141 1097 2207 cuilibet
1140 2144 1258 2209 Paulus
1280 2164 1310 2227 p.
1327 2145 1394 2217 144,

210 2233 277 2319 SM.
322 2253 371 2319 lll
393 2253 508 2319 Festus
536 2274 565 2337 p.
597 2255 667 2333 181,
695 2253 734 2317 27
751 2251 792 2317 Μ.
822 2253 932 2318 ocius
966 2253 1125 2319 secundae
1152 2253 1334 2319 collationis
1364 2262 1395 2319 ct

207 2361 319 2429 deinde
338 2365 450 2427 tertiae
469 2361 652 2429 ocissime
675 2361 878 2445 frequentata
900 2359 982 2428 sunt.
1026 2362 1083 2428 alii
1107 2363 1217 2428 dicunt
1238 2383 1257 2427 a
1278 2364 1395 2428 nostris

204 2477 304 2536 tracta
324 2491 364 2536 ex
388 2471 520 2546 Graeco,
546 2470 578 2534 id
601 2477 650 2536 est
673 2460 787 2550 ὠκέως,
811 2471 901 2536 cuius
924 2472 1029 2554 prima
1051 2472 1255 2555 significatio,
1278 2492 1318 2537 ex
1333 2493 1396 2555 qua

201 2580 373 2662 procedere
403 2582 434 2644 in
469 2582 738 2664 comparationem
774 2579 877 2661 debet,
912 2580 997 2663 apud
1021 2601 1078 2646 nos
1102 2601 1164 2646 non
1188 2588 1248 2663 est,
1282 2585 1393 2649 tertias

199 2711 276 2754 vcro
310 2689 493 2755 collationis
529 2689 615 2770 (Vns.
650 2689 879 2755 consolationis
914 2688 996 2771 cod.)
1031 2690 1120 2755 culus
1156 2693 1277 2755 rariora
1304 2691 1394 2774 (Vns.

198 2800 323 2864 maiora
335 2799 412 2879 cod.)
435 2801 583 2882 exempla
596 2806 678 2874 sunt,
691 2806 859 2865 auctorest
872 2799 1004 2864 Plautus
1016 2801 1048 2864 in
1064 2796 1291 2886 Nervollarial:
1311 2801 1392 2866 ocis-

198 2929 289 2976 sume
301 2929 328 2974 e.
340 2930 369 2993 q.
379 2930 403 2974 s.
459 2909 503 2973 IV
526 2909 640 2975 Festus
659 2928 689 2991 p.
703 2911 774 2992 229,
797 2909 833 2973 19
850 2897 895 2972 M}
909 2909 1135 2993 prodegeris
1153 2912 1391 2993 consumpseris

159 3013 161 3018 ’
197 3018 380 3102 perdideris
403 3021 472 3100 (cfr.
495 3018 621 3084 Keilins
644 3020 731 3084 Mus.
753 3019 852 3086 Rben.
879 3019 931 3084 VI
943 3041 974 3100 p.
999 3021 1082 3100 622)
1112 3026 1146 3084 ut
1173 3019 1335 3084 Caecllius
1360 3021 1392 3083 ln

196 3127 407 3210 Hymni[ds]:
430 3128 601 3213 prodigere
625 3151 650 3195 e.
674 3150 703 3213 q.
726 3151 750 3194 s.
774 3136 806 3194 el
828 3131 959 3210 Plautus
976 3129 1009 3193 in
1027 3129 1229 3196 Neruolaria:
1256 3127 1390 3211 produc·
1478 3129 1483 3140 '

196 3244 252 3302 tae
276 3256 303 3301 e.
326 3257 354 3320 q.
379 3258 403 3303 s.
467 3237 627 3304 VFestus
650 3259 681 3322 p.
703 3238 775 3320 294,
794 3241 835 3303 33
853 3237 892 3303 Μ.
919 3235 1109 3323 [sublesta
1137 3233 1276 3320 antiqui]
1308 3236 1393 3304 dice·
1495 3285 1497 3292 r

194 3488 264 3525 nam
280 3473 357 3527 codd.
377 3473 490 3528 scobina
507 3473 651 3543 Scioppius
674 3474 787 3528 scobina
805 3475 834 3528 ni
853 3475 1048 3530 Lucbmcnuus
1068 3475 1105 3530 od
1123 3477 1233 3530 Lucrct.
1252 3473 1312 3542 ΙΙΙ,
1330 3476 1391 3528 790.

195 3569 278 3621 illum
298 3569 329 3622 F
347 3569 429 3623 Turn.
449 3569 506 3624 cod.
527 3569 604 3624 illam
624 3571 695 3624 BH
705 3572 770 3625 lima
786 3572 924 3625 Turnebus
941 3573 1036 3624 limam
1050 3573 1194 3641 Scioppius
1214 3571 1305 3626 adrasi
1318 3571 1391 3625 enim

196 3665 231 3720 F
237 3663 271 3717 H
292 3664 384 3718 abrasi
407 3666 544 3719 Turnebus
560 3665 705 3735 Scioppius
730 3665 882 3720 adraserim
902 3667 1048 3721 Mucllerus
1076 3668 1174 3722 adraso
1194 3685 1286 3722 senem
1304 3667 1391 3722 Luch-

193 3775 316 3814 mcnuus
334 3761 350 3814 l.
370 3777 396 3814 a.
440 3764 475 3815 80
493 3761 698 3831 prohibentque
716 3763 792 3818 codd.
809 3763 961 3832 prohibent
979 3765 1054 3832 quod
1073 3764 1135 3818 Αἶά.
1153 3765 1303 3833 prohibent
1324 3766 1390 3833 quin

81 3915 85 3932 ,
195 3857 336 3911 Dcccrius
354 3857 472 3912 Botbius
504 3842 618 3913 ¹aliunde
637 3860 771 3914 Ducesius
789 3861 916 3914 alicunde
935 3860 1060 3914 Bothius.
1078 3861 1252 3931 perspicuum
1265 3867 1390 3916 estmoe-

194 3953 245 4008 nia
264 3954 318 4008 alia
336 3959 360 4008 ct
378 3971 439 4008 mea
456 3955 528 4009 intes
547 3972 575 4009 sc
594 3955 720 4024 oppositu
739 3957 912 4012 csso-alium
931 3975 965 4011 ne
990 3975 1042 4028 ego
1061 3958 1238 4013 Buscbclcrus
1255 3957 1391 4026 proponit.

195 4049 302 4120 fungor
327 4049 403 4104 Festi
423 4050 479 4106 cod.
506 4050 606 4120 fungar
633 4051 718 4106 Pauli
739 4053 815 4107 codd.
862 4057 895 4107 81
924 4054 1049 4108 ocissime
1075 4073 1126 4110 nos
1149 4055 1231 4110 liberi
1255 4054 1390 4124 possimus

195 4145 248 4200 fier
269 4145 326 4200 cod.
351 4147 526 4216 transposuit
549 4148 728 4202 Buechelerus
752 4150 887 4204 ocissume
906 4150 1027 4205 Botbius.
1072 4153 1106 4204 82
1125 4151 1277 4219 productae
1296 4151 1389 4220 prodi·

196 4242 275 4311 giam
292 4241 348 4296 cod.
368 4243 503 4310 producte
521 4245 671 4314 prodigum
694 4244 752 4299 Vrs.
773 4245 804 4300 id
823 4246 893 4315 quod
910 4248 1006 4314 probat
1025 4247 1105 4302 stium
1123 4246 1268 4316 Septimus
1290 4248 1391 4302 biudis

197 4339 636 4408 Plautiuchroi.1874p.23.
662 4342 786 4411 pollucte
808 4343 959 4414 prodigum
977 4343 1098 4413 Sosiipcu
1121 4343 1239 4400 Botbius
1256 4345 1390 4414 prodigus

196 4436 285 4501 sumn
312 4450 357 4504 up.
377 4435 498 4488 Paulum.
516 4435 638 4490 traditur
653 4453 681 4505 p.
700 4442 767 4506 228,
787 4442 811 4493 5.
831 4440 893 4507 cfr.
912 4440 1009 4509 Amph.
1028 4457 1052 4494 u.
1071 4443 1147 4494 1031.
1177 4441 1261 4495 Pocn.
1287 4458 1309 4496 u.
1330 4445 1388 4496 716.

197 4530 226 4582 in
254 4535 405 4585 amatorem
432 4531 489 4586 cod.
517 4551 561 4588 me
589 4539 741 4588 amatorem
768 4536 827 4589 Vrs.
858 4536 930 4604 quod
958 4537 989 4590 in
1007 4538 1130 4592 metricus
1149 4539 1217 4607 iopes
1230 4543 1322 4606 peccat
1345 4555 1388 4592 uc·

197 4642 247 4693 quc
282 4633 374 4696 opta-ru
410 4629 570 4684 seutentiam
605 4629 694 4697 efficit.
735 4637 805 4686 recle
824 4631 941 4686 Botbius
968 4652 1026 4688 esse
1054 4639 1216 4702 amatorem,
1252 4636 1301 4702 cfr.
1331 4637 1389 4691 Mc-

196 4723 355 4778 nascitus.
374 4729 439 4780 203.
512 4727 547 4780 83
566 4727 660 4781 Bolbii
678 4729 844 4794 sententian,
863 4730 912 4798 qui
937 4748 949 4784 c
973 4731 1048 4786 Festi
1068 4733 1178 4800 quia-
1199 4733 1290 4788 animo
1310 4735 1388 4788 talen
