<?xml version="1.0" encoding="UTF-8"?>
<!DOCTYPE html PUBLIC "-//W3C//DTD XHTML 1.0 Transitional//EN"
    "http://www.w3.org/TR/xhtml1/DTD/xhtml1-transitional.dtd">
<html xmlns="http://www.w3.org/1999/xhtml" xml:lang="en" lang="en">
 <head>
  <title>
</title>
<meta http-equiv="Content-Type" content="text/html;charset=utf-8" />
  <meta name='ocr-system' content='tesseract 3.04.00' />
  <meta name='ocr-capabilities' content='ocr_page ocr_carea ocr_par ocr_line ocrx_word'/>
</head>
<body>
  <div class='ocr_page' id='page_1' title='image "./plautifabularum00plaugoog_0014.png"; bbox 0 0 3634 5534; ppageno 0'>
   <div class='ocr_carea' id='block_1_1' title="bbox 194 1483 1393 2875">
    <p class='ocr_par' dir='ltr' id='par_1_1' title="bbox 194 1483 1393 2875">
     <span class='ocr_line' id='line_1_1' title="bbox 295 1483 1387 1566; baseline 0 -16"><span class='ocrx_word' id='word_1_1' title='bbox 295 1486 426 1550; x_wconf 79' lang='lat' dir='ltr'><strong>Praeter</strong></span> <span class='ocrx_word' id='word_1_2' title='bbox 448 1503 542 1549; x_wconf 88' lang='lat' dir='ltr'><strong>uuam</strong></span> <span class='ocrx_word' id='word_1_3' title='bbox 566 1491 598 1549; x_wconf 88' lang='lat' dir='ltr'><strong>et</strong></span> <span class='ocrx_word' id='word_1_4' title='bbox 619 1483 733 1565; x_wconf 86' lang='lat' dir='ltr'><strong>viginti</strong></span> <span class='ocrx_word' id='word_1_5' title='bbox 756 1483 893 1559; x_wconf 86' lang='lat' dir='ltr'><strong>fabulas,</strong></span> <span class='ocrx_word' id='word_1_6' title='bbox 918 1503 998 1566; x_wconf 88' lang='lat' dir='ltr'><strong>quas</strong></span> <span class='ocrx_word' id='word_1_7' title='bbox 1014 1484 1046 1548; x_wconf 91' lang='lat' dir='ltr'><strong>iu</strong></span> <span class='ocrx_word' id='word_1_8' title='bbox 1063 1483 1228 1550; x_wconf 80' lang='lat' dir='ltr'><strong>codicibus</strong></span> <span class='ocrx_word' id='word_1_9' title='bbox 1243 1492 1387 1550; x_wconf 88' lang='lat' dir='ltr'><strong>servatas</strong></span> 
     </span>
     <span class='ocr_line' id='line_1_2' title="bbox 194 1593 1388 1676; baseline -0.002 -16"><span class='ocrx_word' id='word_1_10' title='bbox 194 1597 359 1670; x_wconf 85' lang='lat' dir='ltr'><strong>hahemus,</strong></span> <span class='ocrx_word' id='word_1_11' title='bbox 382 1601 490 1658; x_wconf 91' lang='lat' dir='ltr'><strong>notum</strong></span> <span class='ocrx_word' id='word_1_12' title='bbox 513 1600 562 1658; x_wconf 90' lang='lat' dir='ltr'><strong>est</strong></span> <span class='ocrx_word' id='word_1_13' title='bbox 585 1593 729 1674; x_wconf 82' lang='lat' dir='ltr'>antiquis</span> <span class='ocrx_word' id='word_1_14' title='bbox 752 1593 960 1674; x_wconf 78' lang='lat' dir='ltr'><strong>scriptoribus</strong></span> <span class='ocrx_word' id='word_1_15' title='bbox 977 1593 1151 1676; x_wconf 89' lang='lat' dir='ltr'><strong>permultas</strong></span> <span class='ocrx_word' id='word_1_16' title='bbox 1167 1594 1249 1660; x_wconf 89' lang='lat' dir='ltr'><strong>alias</strong></span> <span class='ocrx_word' id='word_1_17' title='bbox 1265 1613 1388 1658; x_wconf 93' lang='lat' dir='ltr'><strong>comoe-</strong></span> 
     </span>
     <span class='ocr_line' id='line_1_3' title="bbox 196 1700 1388 1785; baseline 0 -17"><span class='ocrx_word' id='word_1_18' title='bbox 196 1704 265 1769; x_wconf 90' lang='lat' dir='ltr'><strong>dias</strong></span> <span class='ocrx_word' id='word_1_19' title='bbox 288 1703 401 1767; x_wconf 91' lang='lat' dir='ltr'><strong>Plauto</strong></span> <span class='ocrx_word' id='word_1_20' title='bbox 430 1701 554 1768; x_wconf 90' lang='lat' dir='ltr'><strong>auctori</strong></span> <span class='ocrx_word' id='word_1_21' title='bbox 582 1700 763 1784; x_wconf 88' lang='lat' dir='ltr'><strong>adscriptas</strong></span> <span class='ocrx_word' id='word_1_22' title='bbox 792 1701 822 1765; x_wconf 93' lang='lat' dir='ltr'><strong>iu</strong></span> <span class='ocrx_word' id='word_1_23' title='bbox 851 1702 999 1767; x_wconf 87' lang='lat' dir='ltr'><strong>manibus</strong></span> <span class='ocrx_word' id='word_1_24' title='bbox 1026 1703 1134 1785; x_wconf 89' lang='lat' dir='ltr'><strong>fuisse,</strong></span> <span class='ocrx_word' id='word_1_25' title='bbox 1168 1723 1302 1785; x_wconf 91' lang='lat' dir='ltr'><strong>quarum</strong></span> <span class='ocrx_word' id='word_1_26' title='bbox 1330 1721 1388 1768; x_wconf 91' lang='lat' dir='ltr'><strong>nos</strong></span> 
     </span>
     <span class='ocr_line' id='line_1_4' title="bbox 195 1809 1390 1894; baseline -0.003 -16"><span class='ocrx_word' id='word_1_27' title='bbox 195 1813 315 1878; x_wconf 90' lang='lat' dir='ltr'><strong>nullam</strong></span> <span class='ocrx_word' id='word_1_28' title='bbox 342 1811 533 1877; x_wconf 83' lang='lat' dir='ltr'><strong>haberemus</strong></span> <span class='ocrx_word' id='word_1_29' title='bbox 562 1809 719 1885; x_wconf 89' lang='lat' dir='ltr'><strong>notitiam,</strong></span> <span class='ocrx_word' id='word_1_30' title='bbox 752 1809 816 1874; x_wconf 90' lang='lat' dir='ltr'><strong>nisi</strong></span> <span class='ocrx_word' id='word_1_31' title='bbox 850 1830 958 1875; x_wconf 90' lang='lat' dir='ltr'><strong>earum</strong></span> <span class='ocrx_word' id='word_1_32' title='bbox 995 1811 1131 1876; x_wconf 88' lang='lat' dir='ltr'><strong>frustula</strong></span> <span class='ocrx_word' id='word_1_33' title='bbox 1163 1811 1321 1894; x_wconf 89' lang='lat' dir='ltr'><strong>quaedam</strong></span> <span class='ocrx_word' id='word_1_34' title='bbox 1356 1813 1390 1875; x_wconf 92' lang='lat' dir='ltr'><strong>iu</strong></span> 
     </span>
     <span class='ocr_line' id='line_1_5' title="bbox 194 1919 1390 2005; baseline -0.002 -19"><span class='ocrx_word' id='word_1_35' title='bbox 194 1923 475 2005; x_wconf 85' lang='lat' dir='ltr'><strong>grammaticorum</strong></span> <span class='ocrx_word' id='word_1_36' title='bbox 497 1919 685 2003; x_wconf 91' lang='lat' dir='ltr'><strong>scriptorum</strong></span> <span class='ocrx_word' id='word_1_37' title='bbox 707 1919 800 1984; x_wconf 90' lang='lat' dir='ltr'><strong>libris</strong></span> <span class='ocrx_word' id='word_1_38' title='bbox 823 1919 936 1985; x_wconf 89' lang='lat' dir='ltr'><strong>relicta</strong></span> <span class='ocrx_word' id='word_1_39' title='bbox 968 1926 1083 1985; x_wconf 91' lang='lat' dir='ltr'><strong>essent.</strong></span> <span class='ocrx_word' id='word_1_40' title='bbox 1137 1939 1220 2003; x_wconf 89' lang='lat' dir='ltr'><strong>quae</strong></span> <span class='ocrx_word' id='word_1_41' title='bbox 1246 1921 1390 2002; x_wconf 88' lang='lat' dir='ltr'><strong>quamvis</strong></span> 
     </span>
     <span class='ocr_line' id='line_1_6' title="bbox 194 2028 1390 2121; baseline -0.002 -25"><span class='ocrx_word' id='word_1_42' title='bbox 194 2033 315 2114; x_wconf 83' lang='lat' dir='ltr'><strong>exigua</strong></span> <span class='ocrx_word' id='word_1_43' title='bbox 336 2031 402 2094; x_wconf 91' lang='lat' dir='ltr'><strong>sint</strong></span> <span class='ocrx_word' id='word_1_44' title='bbox 424 2035 576 2110; x_wconf 88' lang='lat' dir='ltr'><strong>quantum</strong></span> <span class='ocrx_word' id='word_1_45' title='bbox 600 2028 730 2093; x_wconf 89' lang='lat' dir='ltr'><strong>valeant</strong></span> <span class='ocrx_word' id='word_1_46' title='bbox 751 2049 814 2093; x_wconf 91' lang='lat' dir='ltr'><strong>non</strong></span> <span class='ocrx_word' id='word_1_47' title='bbox 837 2036 901 2093; x_wconf 87' lang='lat' dir='ltr'><strong>tam</strong></span> <span class='ocrx_word' id='word_1_48' title='bbox 924 2028 966 2093; x_wconf 91' lang='lat' dir='ltr'><strong>ad</strong></span> <span class='ocrx_word' id='word_1_49' title='bbox 988 2036 1103 2112; x_wconf 89' lang='lat' dir='ltr'><strong>poetae</strong></span> <span class='ocrx_word' id='word_1_50' title='bbox 1119 2036 1218 2121; x_wconf 82' lang='lat' dir='ltr'><strong>artem</strong></span> <span class='ocrx_word' id='word_1_51' title='bbox 1245 2035 1329 2094; x_wconf 90' lang='lat' dir='ltr'><strong>recte</strong></span> <span class='ocrx_word' id='word_1_52' title='bbox 1345 2031 1390 2094; x_wconf 92' lang='lat' dir='ltr'><strong>in-</strong></span> 
     </span>
     <span class='ocr_line' id='line_1_7' title="bbox 196 2135 1390 2222; baseline -0.002 -18"><span class='ocrx_word' id='word_1_53' title='bbox 196 2135 412 2222; x_wconf 80' lang='lat' dir='ltr'><strong>tellegendam</strong></span> <span class='ocrx_word' id='word_1_54' title='bbox 442 2157 538 2220; x_wconf 89' lang='lat' dir='ltr'><strong>quam</strong></span> <span class='ocrx_word' id='word_1_55' title='bbox 564 2137 607 2202; x_wconf 91' lang='lat' dir='ltr'><strong>ad</strong></span> <span class='ocrx_word' id='word_1_56' title='bbox 634 2139 815 2203; x_wconf 90' lang='lat' dir='ltr'><strong>fabularum</strong></span> <span class='ocrx_word' id='word_1_57' title='bbox 840 2137 1059 2203; x_wconf 87' lang='lat' dir='ltr'><strong>Plautinarum</strong></span> <span class='ocrx_word' id='word_1_58' title='bbox 1087 2157 1144 2220; x_wconf 88' lang='lat' dir='ltr'><strong>per</strong></span> <span class='ocrx_word' id='word_1_59' title='bbox 1166 2139 1390 2220; x_wconf 81' lang='lat' dir='ltr'><strong>antiquitatem</strong></span> 
     </span>
     <span class='ocr_line' id='line_1_8' title="bbox 198 2243 1391 2330; baseline 0 -20"><span class='ocrx_word' id='word_1_60' title='bbox 198 2252 447 2330; x_wconf 86' lang='lat' dir='ltr'><strong>propagatarum</strong></span> <span class='ocrx_word' id='word_1_61' title='bbox 480 2243 648 2310; x_wconf 84' lang='lat' dir='ltr'><strong>historiam</strong></span> <span class='ocrx_word' id='word_1_62' title='bbox 679 2243 943 2327; x_wconf 84' lang='lat' dir='ltr'><strong>cognoscendam,</strong></span> <span class='ocrx_word' id='word_1_63' title='bbox 977 2246 1100 2328; x_wconf 89' lang='lat' dir='ltr'><strong>priores</strong></span> <span class='ocrx_word' id='word_1_64' title='bbox 1123 2245 1229 2310; x_wconf 90' lang='lat' dir='ltr'><strong>Plauti</strong></span> <span class='ocrx_word' id='word_1_65' title='bbox 1252 2246 1391 2312; x_wconf 87' lang='lat' dir='ltr'><strong>editores</strong></span> 
     </span>
     <span class='ocr_line' id='line_1_9' title="bbox 195 2337 1392 2439; baseline 0.001 -20"><span class='ocrx_word' id='word_1_66' title='bbox 195 2354 281 2420; x_wconf 91' lang='lat' dir='ltr'><strong>haud</strong></span> <span class='ocrx_word' id='word_1_67' title='bbox 309 2355 389 2420; x_wconf 91' lang='lat' dir='ltr'><strong>satis</strong></span> <span class='ocrx_word' id='word_1_68' title='bbox 416 2356 648 2438; x_wconf 88' lang='lat' dir='ltr'><strong>perspicientes</strong></span> <span class='ocrx_word' id='word_1_69' title='bbox 676 2356 707 2419; x_wconf 94' lang='lat' dir='ltr'><strong>in</strong></span> <span class='ocrx_word' id='word_1_70' title='bbox 731 2373 770 2418; x_wconf 92' lang='lat' dir='ltr'><strong>ea</strong></span> <span class='ocrx_word' id='word_1_71' title='bbox 793 2337 857 2419; x_wconf 89' lang='lat' dir='ltr'><strong>non</strong></span> <span class='ocrx_word' id='word_1_72' title='bbox 879 2360 1013 2428; x_wconf 84' lang='lat' dir='ltr'><strong>tantum,</strong></span> <span class='ocrx_word' id='word_1_73' title='bbox 1046 2362 1164 2437; x_wconf 88' lang='lat' dir='ltr'><strong>quanto</strong></span> <span class='ocrx_word' id='word_1_74' title='bbox 1188 2354 1287 2439; x_wconf 83' lang='lat' dir='ltr'><strong>digua</strong></span> <span class='ocrx_word' id='word_1_75' title='bbox 1309 2361 1392 2436; x_wconf 91' lang='lat' dir='ltr'><strong>sunt,</strong></span> 
     </span>
     <span class='ocr_line' id='line_1_10' title="bbox 194 2463 1392 2547; baseline -0.002 -18"><span class='ocrx_word' id='word_1_76' title='bbox 194 2464 335 2530; x_wconf 91' lang='lat' dir='ltr'><strong>studium</strong></span> <span class='ocrx_word' id='word_1_77' title='bbox 358 2464 568 2529; x_wconf 90' lang='lat' dir='ltr'><strong>contuleruut.</strong></span> <span class='ocrx_word' id='word_1_78' title='bbox 612 2485 726 2529; x_wconf 89' lang='lat' dir='ltr'><strong>novam</strong></span> <span class='ocrx_word' id='word_1_79' title='bbox 749 2463 800 2529; x_wconf 93' lang='lat' dir='ltr'><strong>bis</strong></span> <span class='ocrx_word' id='word_1_80' title='bbox 816 2465 965 2546; x_wconf 85' lang='lat' dir='ltr'><strong>reliquiis</strong></span> <span class='ocrx_word' id='word_1_81' title='bbox 982 2469 1013 2529; x_wconf 87' lang='lat' dir='ltr'><strong>et</strong></span> <span class='ocrx_word' id='word_1_82' title='bbox 1032 2464 1219 2547; x_wconf 84' lang='lat' dir='ltr'><strong>colligendis</strong></span> <span class='ocrx_word' id='word_1_83' title='bbox 1236 2472 1267 2530; x_wconf 90' lang='lat' dir='ltr'><strong>et</strong></span> <span class='ocrx_word' id='word_1_84' title='bbox 1287 2484 1392 2530; x_wconf 89' lang='lat' dir='ltr'><strong>eruen-</strong></span> 
     </span>
     <span class='ocr_line' id='line_1_11' title="bbox 194 2567 1393 2658; baseline -0.001 -19"><span class='ocrx_word' id='word_1_85' title='bbox 194 2573 311 2639; x_wconf 92' lang='lat' dir='ltr'><strong>dandis</strong></span> <span class='ocrx_word' id='word_1_86' title='bbox 347 2593 478 2658; x_wconf 89' lang='lat' dir='ltr'><strong>operam</strong></span> <span class='ocrx_word' id='word_1_87' title='bbox 512 2571 604 2638; x_wconf 89' lang='lat' dir='ltr'><strong>dedit</strong></span> <span class='ocrx_word' id='word_1_88' title='bbox 626 2573 833 2638; x_wconf 88' lang='lat' dir='ltr'><strong>Ritsebelius.</strong></span> <span class='ocrx_word' id='word_1_89' title='bbox 878 2574 1009 2656; x_wconf 81' lang='lat' dir='ltr'><strong>egregia</strong></span> <span class='ocrx_word' id='word_1_90' title='bbox 1037 2574 1303 2638; x_wconf 86' lang='lat' dir='ltr'><strong>commentatione</strong></span> <span class='ocrx_word' id='word_1_91' title='bbox 1323 2567 1393 2638; x_wconf 88' lang='lat' dir='ltr'><strong>‘die</strong></span> 
     </span>
     <span class='ocr_line' id='line_1_12' title="bbox 194 2672 1393 2765; baseline -0.001 -18"><span class='ocrx_word' id='word_1_92' title='bbox 194 2676 325 2748; x_wconf 87' lang='lat' dir='ltr'><strong>fabulae</strong></span> <span class='ocrx_word' id='word_1_93' title='bbox 336 2683 556 2748; x_wconf 89' lang='lat' dir='ltr'><strong>Varronianae</strong></span> <span class='ocrx_word' id='word_1_94' title='bbox 584 2682 641 2748; x_wconf 89' lang='lat' dir='ltr'><strong>des</strong></span> <span class='ocrx_word' id='word_1_95' title='bbox 664 2672 815 2749; x_wconf 88' lang='lat' dir='ltr'><strong>Plautus&#39;</strong></span> <span class='ocrx_word' id='word_1_96' title='bbox 838 2683 994 2765; x_wconf 89' lang='lat' dir='ltr'><strong>inscripta</strong></span> <span class='ocrx_word' id='word_1_97' title='bbox 1024 2683 1117 2748; x_wconf 91' lang='lat' dir='ltr'><strong>istius</strong></span> <span class='ocrx_word' id='word_1_98' title='bbox 1140 2701 1255 2765; x_wconf 86' lang='lat' dir='ltr'><strong>operae</strong></span> <span class='ocrx_word' id='word_1_99' title='bbox 1279 2677 1393 2747; x_wconf 88' lang='lat' dir='ltr'><strong>funda-</strong></span> 
     </span>
     <span class='ocr_line' id='line_1_13' title="bbox 197 2789 1393 2875; baseline 0 -20"><span class='ocrx_word' id='word_1_100' title='bbox 197 2799 336 2856; x_wconf 90' lang='lat' dir='ltr'><strong>mentum</strong></span> <span class='ocrx_word' id='word_1_101' title='bbox 359 2791 436 2856; x_wconf 90' lang='lat' dir='ltr'><strong>iecit</strong></span> <span class='ocrx_word' id='word_1_102' title='bbox 458 2792 638 2857; x_wconf 91' lang='lat' dir='ltr'><strong>fabularum</strong></span> <span class='ocrx_word' id='word_1_103' title='bbox 664 2790 904 2875; x_wconf 88' lang='lat' dir='ltr'><strong>deperditarum</strong></span> <span class='ocrx_word' id='word_1_104' title='bbox 929 2789 1072 2856; x_wconf 92' lang='lat' dir='ltr'><strong>ordinem</strong></span> <span class='ocrx_word' id='word_1_105' title='bbox 1097 2793 1268 2857; x_wconf 88' lang='lat' dir='ltr'><strong>restituens</strong></span> <span class='ocrx_word' id='word_1_106' title='bbox 1284 2793 1393 2874; x_wconf 85' lang='lat' dir='ltr'><strong>geuui-</strong></span> 
     </span>
    </p>
   </div>
   <div class='ocr_carea' id='block_1_2' title="bbox 198 2900 1505 2985">
    <p class='ocr_par' dir='ltr' id='par_1_2' title="bbox 198 2900 1505 2985">
     <span class='ocr_line' id='line_1_14' title="bbox 198 2900 1505 2985; baseline 0.001 -21"><span class='ocrx_word' id='word_1_107' title='bbox 198 2919 320 2982; x_wconf 88' lang='lat' dir='ltr'><strong>uasque</strong></span> <span class='ocrx_word' id='word_1_108' title='bbox 342 2900 518 2965; x_wconf 87' lang='lat' dir='ltr'><strong>resarciens</strong></span> <span class='ocrx_word' id='word_1_109' title='bbox 540 2901 701 2965; x_wconf 90' lang='lat' dir='ltr'><strong>titulorum</strong></span> <span class='ocrx_word' id='word_1_110' title='bbox 726 2920 939 2982; x_wconf 86' lang='lat' dir='ltr'><strong>versuumque</strong></span> <span class='ocrx_word' id='word_1_111' title='bbox 970 2900 1181 2985; x_wconf 89' lang='lat' dir='ltr'><strong>complurium</strong></span> <span class='ocrx_word' id='word_1_112' title='bbox 1208 2900 1327 2965; x_wconf 88' lang='lat' dir='ltr'><strong>formas</strong></span> <span class='ocrx_word' id='word_1_113' title='bbox 1360 2901 1393 2965; x_wconf 94' lang='lat' dir='ltr'><strong>in</strong></span> <span class='ocrx_word' id='word_1_114' title='bbox 1503 2975 1505 2979; x_wconf 23' lang='lat'>¹</span> 
     </span>
    </p>
   </div>
   <div class='ocr_carea' id='block_1_3' title="bbox 120 3009 1397 4399">
    <p class='ocr_par' dir='ltr' id='par_1_3' title="bbox 120 3009 1397 4399">
     <span class='ocr_line' id='line_1_15' title="bbox 199 3009 1395 3092; baseline 0.002 -18"><span class='ocrx_word' id='word_1_115' title='bbox 199 3009 395 3074; x_wconf 86' lang='lat' dir='ltr'><strong>editionibus</strong></span> <span class='ocrx_word' id='word_1_116' title='bbox 427 3030 526 3092; x_wconf 86' lang='lat' dir='ltr'><strong>prave</strong></span> <span class='ocrx_word' id='word_1_117' title='bbox 562 3009 707 3074; x_wconf 90' lang='lat' dir='ltr'><strong>traditas.</strong></span> <span class='ocrx_word' id='word_1_118' title='bbox 752 3029 854 3092; x_wconf 86' lang='lat' dir='ltr'><strong>neque</strong></span> <span class='ocrx_word' id='word_1_119' title='bbox 884 3029 960 3075; x_wconf 90' lang='lat' dir='ltr'><strong>vero</strong></span> <span class='ocrx_word' id='word_1_120' title='bbox 988 3030 1070 3092; x_wconf 88' lang='lat' dir='ltr'><strong>quae</strong></span> <span class='ocrx_word' id='word_1_121' title='bbox 1098 3012 1143 3075; x_wconf 95' lang='lat' dir='ltr'><strong>ibi</strong></span> <span class='ocrx_word' id='word_1_122' title='bbox 1178 3010 1327 3076; x_wconf 88' lang='lat' dir='ltr'><strong>effecerat</strong></span> <span class='ocrx_word' id='word_1_123' title='bbox 1361 3019 1395 3076; x_wconf 91' lang='lat' dir='ltr'><strong>ut</strong></span> 
     </span>
     <span class='ocr_line' id='line_1_16' title="bbox 198 3117 1393 3202; baseline 0.001 -19"><span class='ocrx_word' id='word_1_124' title='bbox 198 3117 333 3183; x_wconf 91' lang='lat' dir='ltr'><strong>editioni</strong></span> <span class='ocrx_word' id='word_1_125' title='bbox 348 3117 598 3201; x_wconf 81' lang='lat' dir='ltr'><strong>fragmentorum</strong></span> <span class='ocrx_word' id='word_1_126' title='bbox 613 3119 744 3184; x_wconf 89' lang='lat' dir='ltr'><strong>criticae</strong></span> <span class='ocrx_word' id='word_1_127' title='bbox 761 3118 928 3184; x_wconf 87' lang='lat' dir='ltr'><strong>mandaret</strong></span> <span class='ocrx_word' id='word_1_128' title='bbox 941 3118 1117 3201; x_wconf 89' lang='lat' dir='ltr'><strong>Ritscbelio</strong></span> <span class='ocrx_word' id='word_1_129' title='bbox 1134 3119 1281 3202; x_wconf 82' lang='lat' dir='ltr'><strong>contiglt3</strong></span> <span class='ocrx_word' id='word_1_130' title='bbox 1302 3119 1393 3184; x_wconf 92' lang='lat' dir='ltr'><strong>cuius</strong></span> 
     </span>
     <span class='ocr_line' id='line_1_17' title="bbox 197 3225 1394 3320; baseline 0 -29"><span class='ocrx_word' id='word_1_131' title='bbox 197 3227 357 3308; x_wconf 90' lang='lat' dir='ltr'><strong>specimen</strong></span> <span class='ocrx_word' id='word_1_132' title='bbox 391 3235 514 3320; x_wconf 83' lang='lat' dir='ltr'><strong>tantum</strong></span> <span class='ocrx_word' id='word_1_133' title='bbox 547 3225 638 3291; x_wconf 92' lang='lat' dir='ltr'><strong>dedit</strong></span> <span class='ocrx_word' id='word_1_134' title='bbox 671 3227 703 3290; x_wconf 91' lang='lat' dir='ltr'><strong>in</strong></span> <span class='ocrx_word' id='word_1_135' title='bbox 736 3227 961 3309; x_wconf 89' lang='lat' dir='ltr'><strong>opusculorum</strong></span> <span class='ocrx_word' id='word_1_136' title='bbox 994 3225 1155 3290; x_wconf 87' lang='lat' dir='ltr'><strong>volumine</strong></span> <span class='ocrx_word' id='word_1_137' title='bbox 1183 3228 1275 3291; x_wconf 91' lang='lat' dir='ltr'><strong>tertio</strong></span> <span class='ocrx_word' id='word_1_138' title='bbox 1308 3225 1394 3291; x_wconf 90' lang='lat' dir='ltr'><strong>baud</strong></span> 
     </span>
     <span class='ocr_line' id='line_1_18' title="bbox 197 3331 1394 3417; baseline -0.002 -17"><span class='ocrx_word' id='word_1_139' title='bbox 197 3335 281 3401; x_wconf 88' lang='lat' dir='ltr'><strong>ultra</strong></span> <span class='ocrx_word' id='word_1_140' title='bbox 294 3335 457 3400; x_wconf 91' lang='lat' dir='ltr'><strong>Boeotiam</strong></span> <span class='ocrx_word' id='word_1_141' title='bbox 473 3335 615 3399; x_wconf 92' lang='lat' dir='ltr'><strong>fabulam</strong></span> <span class='ocrx_word' id='word_1_142' title='bbox 640 3354 837 3417; x_wconf 86' lang='lat' dir='ltr'><strong>progressus.</strong></span> <span class='ocrx_word' id='word_1_143' title='bbox 892 3353 986 3416; x_wconf 88' lang='lat' dir='ltr'><strong>quam</strong></span> <span class='ocrx_word' id='word_1_144' title='bbox 1009 3331 1258 3416; x_wconf 82' lang='lat' dir='ltr'><strong>fragmentorum</strong></span> <span class='ocrx_word' id='word_1_145' title='bbox 1281 3334 1394 3399; x_wconf 91' lang='lat' dir='ltr'><strong>editio-</strong></span> 
     </span>
     <span class='ocr_line' id='line_1_19' title="bbox 197 3442 1396 3527; baseline 0 -19"><span class='ocrx_word' id='word_1_146' title='bbox 197 3465 270 3510; x_wconf 89' lang='lat' dir='ltr'><strong>nem</strong></span> <span class='ocrx_word' id='word_1_147' title='bbox 298 3444 383 3510; x_wconf 91' lang='lat' dir='ltr'><strong>haud</strong></span> <span class='ocrx_word' id='word_1_148' title='bbox 413 3444 455 3509; x_wconf 92' lang='lat' dir='ltr'><strong>ad</strong></span> <span class='ocrx_word' id='word_1_149' title='bbox 482 3443 577 3509; x_wconf 91' lang='lat' dir='ltr'><strong>finem</strong></span> <span class='ocrx_word' id='word_1_150' title='bbox 607 3463 678 3509; x_wconf 90' lang='lat' dir='ltr'><strong>esse</strong></span> <span class='ocrx_word' id='word_1_151' title='bbox 709 3442 896 3527; x_wconf 87' lang='lat' dir='ltr'><strong>perductam</strong></span> <span class='ocrx_word' id='word_1_152' title='bbox 924 3463 1020 3526; x_wconf 89' lang='lat' dir='ltr'><strong>quam</strong></span> <span class='ocrx_word' id='word_1_153' title='bbox 1043 3464 1140 3527; x_wconf 84' lang='lat' dir='ltr'><strong>aegre</strong></span> <span class='ocrx_word' id='word_1_154' title='bbox 1163 3444 1330 3510; x_wconf 88' lang='lat' dir='ltr'><strong>ferendum</strong></span> <span class='ocrx_word' id='word_1_155' title='bbox 1353 3447 1396 3508; x_wconf 89' lang='lat' dir='ltr'><strong>sit</strong></span> 
     </span>
     <span class='ocr_line' id='line_1_20' title="bbox 199 3551 1395 3636; baseline -0.001 -18"><span class='ocrx_word' id='word_1_156' title='bbox 199 3555 335 3636; x_wconf 88' lang='lat' dir='ltr'><strong>quisque</strong></span> <span class='ocrx_word' id='word_1_157' title='bbox 357 3551 454 3633; x_wconf 87' lang='lat' dir='ltr'><strong>videt,</strong></span> <span class='ocrx_word' id='word_1_158' title='bbox 478 3553 533 3634; x_wconf 89' lang='lat' dir='ltr'><strong>qui</strong></span> <span class='ocrx_word' id='word_1_159' title='bbox 557 3554 656 3618; x_wconf 91' lang='lat' dir='ltr'><strong>semel</strong></span> <span class='ocrx_word' id='word_1_160' title='bbox 680 3553 856 3636; x_wconf 85' lang='lat' dir='ltr'><strong>inspexerit</strong></span> <span class='ocrx_word' id='word_1_161' title='bbox 878 3554 1001 3636; x_wconf 87' lang='lat' dir='ltr'><strong>priores</strong></span> <span class='ocrx_word' id='word_1_162' title='bbox 1024 3551 1225 3634; x_wconf 82' lang='lat' dir='ltr'><strong>editiones1)‚</strong></span> <span class='ocrx_word' id='word_1_163' title='bbox 1262 3573 1395 3635; x_wconf 89' lang='lat' dir='ltr'><strong>quarum</strong></span> 
     </span>
     <span class='ocr_line' id='line_1_21' title="bbox 199 3653 1395 3748; baseline -0.001 -22"><span class='ocrx_word' id='word_1_164' title='bbox 199 3669 344 3727; x_wconf 89' lang='lat' dir='ltr'><strong>auctores</strong></span> <span class='ocrx_word' id='word_1_165' title='bbox 367 3681 471 3744; x_wconf 90' lang='lat' dir='ltr'><strong>neque</strong></span> <span class='ocrx_word' id='word_1_166' title='bbox 494 3663 574 3726; x_wconf 91' lang='lat' dir='ltr'><strong>satis</strong></span> <span class='ocrx_word' id='word_1_167' title='bbox 597 3653 750 3727; x_wconf 80' lang='lat' dir='ltr'><strong>adcurate</strong></span> <span class='ocrx_word' id='word_1_168' title='bbox 773 3663 1053 3744; x_wconf 86' lang='lat' dir='ltr'><strong>grammaticorum</strong></span> <span class='ocrx_word' id='word_1_169' title='bbox 1078 3662 1178 3726; x_wconf 90' lang='lat' dir='ltr'><strong>libros</strong></span> <span class='ocrx_word' id='word_1_170' title='bbox 1205 3663 1395 3748; x_wconf 90' lang='lat' dir='ltr'><strong>perscrutati</strong></span> 
     </span>
     <span class='ocr_line' id='line_1_22' title="bbox 198 3757 1396 3852; baseline 0 -17"><span class='ocrx_word' id='word_1_171' title='bbox 198 3769 334 3835; x_wconf 90' lang='lat' dir='ltr'><strong>suntad</strong></span> <span class='ocrx_word' id='word_1_172' title='bbox 357 3771 539 3852; x_wconf 82' lang='lat' dir='ltr'><strong>fragmenta</strong></span> <span class='ocrx_word' id='word_1_173' title='bbox 562 3770 745 3852; x_wconf 81' lang='lat' dir='ltr'><strong>colligenda</strong></span> <span class='ocrx_word' id='word_1_174' title='bbox 769 3790 870 3852; x_wconf 88' lang='lat' dir='ltr'><strong>neque</strong></span> <span class='ocrx_word' id='word_1_175' title='bbox 894 3771 927 3834; x_wconf 92' lang='lat' dir='ltr'><strong>in</strong></span> <span class='ocrx_word' id='word_1_176' title='bbox 950 3757 1161 3836; x_wconf 89' lang='lat' dir='ltr'><strong>emendandis</strong></span> <span class='ocrx_word' id='word_1_177' title='bbox 1189 3778 1396 3852; x_wconf 83' lang='lat' dir='ltr'><strong>respexerunt</strong></span> 
     </span>
     <span class='ocr_line' id='line_1_23' title="bbox 198 3878 1394 3962; baseline 0 -18"><span class='ocrx_word' id='word_1_178' title='bbox 198 3880 398 3962; x_wconf 85' lang='lat' dir='ltr'><strong>singulorum</strong></span> <span class='ocrx_word' id='word_1_179' title='bbox 410 3879 613 3962; x_wconf 82' lang='lat' dir='ltr'><strong>scriptorum,</strong></span> <span class='ocrx_word' id='word_1_180' title='bbox 636 3879 751 3962; x_wconf 89' lang='lat' dir='ltr'><strong>quibus</strong></span> <span class='ocrx_word' id='word_1_181' title='bbox 766 3899 878 3946; x_wconf 86' lang='lat' dir='ltr'><strong>versus</strong></span> <span class='ocrx_word' id='word_1_182' title='bbox 895 3887 1038 3944; x_wconf 90' lang='lat' dir='ltr'><strong>servatos</strong></span> <span class='ocrx_word' id='word_1_183' title='bbox 1055 3878 1219 3955; x_wconf 90' lang='lat' dir='ltr'><strong>debemus,</strong></span> <span class='ocrx_word' id='word_1_184' title='bbox 1241 3882 1394 3946; x_wconf 90' lang='lat' dir='ltr'><strong>rationem</strong></span> 
     </span>
     <span class='ocr_line' id='line_1_24' title="bbox 120 3987 1395 4072; baseline 0 -20"><span class='ocrx_word' id='word_1_185' title='bbox 120 3997 122 4000; x_wconf 82' lang='grc'><strong>’</strong></span> <span class='ocrx_word' id='word_1_186' title='bbox 198 3987 358 4072; x_wconf 88' lang='lat' dir='ltr'><strong>fidemque</strong></span> <span class='ocrx_word' id='word_1_187' title='bbox 391 3989 470 4053; x_wconf 89' lang='lat' dir='ltr'><strong>satis</strong></span> <span class='ocrx_word' id='word_1_188' title='bbox 503 3990 651 4070; x_wconf 89' lang='lat' dir='ltr'><strong>sollicite,</strong></span> <span class='ocrx_word' id='word_1_189' title='bbox 686 4009 726 4054; x_wconf 90' lang='lat' dir='ltr'><strong>ne</strong></span> <span class='ocrx_word' id='word_1_190' title='bbox 759 4009 904 4054; x_wconf 91' lang='lat' dir='ltr'><strong>moneam</strong></span> <span class='ocrx_word' id='word_1_191' title='bbox 940 3989 1018 4053; x_wconf 90' lang='lat' dir='ltr'><strong>artis</strong></span> <span class='ocrx_word' id='word_1_192' title='bbox 1053 3989 1185 4054; x_wconf 88' lang='lat' dir='ltr'><strong>criticae</strong></span> <span class='ocrx_word' id='word_1_193' title='bbox 1219 3989 1252 4070; x_wconf 90' lang='lat' dir='ltr'><strong>iu</strong></span> <span class='ocrx_word' id='word_1_194' title='bbox 1289 3989 1395 4054; x_wconf 91' lang='lat' dir='ltr'><strong>Plauti</strong></span> 
     </span>
     <span class='ocr_line' id='line_1_25' title="bbox 197 4095 1396 4182; baseline 0.001 -21"><span class='ocrx_word' id='word_1_195' title='bbox 197 4117 310 4164; x_wconf 89' lang='lat' dir='ltr'><strong>versus</strong></span> <span class='ocrx_word' id='word_1_196' title='bbox 332 4096 546 4179; x_wconf 87' lang='lat' dir='ltr'><strong>adhibendae,</strong></span> <span class='ocrx_word' id='word_1_197' title='bbox 569 4117 665 4179; x_wconf 91' lang='lat' dir='ltr'><strong>quarn</strong></span> <span class='ocrx_word' id='word_1_198' title='bbox 690 4098 812 4182; x_wconf 93' lang='lat' dir='ltr'><strong>primus</strong></span> <span class='ocrx_word' id='word_1_199' title='bbox 836 4097 946 4163; x_wconf 91' lang='lat' dir='ltr'><strong>docuit</strong></span> <span class='ocrx_word' id='word_1_200' title='bbox 957 4095 1163 4170; x_wconf 84' lang='lat' dir='ltr'><strong>Ritscbelids,</strong></span> <span class='ocrx_word' id='word_1_201' title='bbox 1187 4117 1241 4162; x_wconf 92' lang='lat' dir='ltr'><strong>eos</strong></span> <span class='ocrx_word' id='word_1_202' title='bbox 1264 4097 1396 4180; x_wconf 78' lang='lat' dir='ltr'><strong>ignaros</strong></span> 
     </span>
     <span class='ocr_line' id='line_1_26' title="bbox 199 4206 1397 4290; baseline 0 -20"><span class='ocrx_word' id='word_1_203' title='bbox 199 4208 308 4272; x_wconf 90' lang='lat' dir='ltr'><strong>fuisse.</strong></span> <span class='ocrx_word' id='word_1_204' title='bbox 363 4226 540 4289; x_wconf 88' lang='lat' dir='ltr'><strong>quaecum</strong></span> <span class='ocrx_word' id='word_1_205' title='bbox 563 4206 610 4270; x_wconf 91' lang='lat' dir='ltr'><strong>ita</strong></span> <span class='ocrx_word' id='word_1_206' title='bbox 632 4209 704 4288; x_wconf 87' lang='lat' dir='ltr'><strong>sint,</strong></span> <span class='ocrx_word' id='word_1_207' title='bbox 738 4206 826 4272; x_wconf 90' lang='lat' dir='ltr'><strong>baud</strong></span> <span class='ocrx_word' id='word_1_208' title='bbox 850 4206 962 4272; x_wconf 89' lang='lat' dir='ltr'><strong>inutile</strong></span> <span class='ocrx_word' id='word_1_209' title='bbox 984 4206 1112 4271; x_wconf 89' lang='lat' dir='ltr'><strong>videtur</strong></span> <span class='ocrx_word' id='word_1_210' title='bbox 1135 4206 1185 4271; x_wconf 92' lang='lat' dir='ltr'><strong>bis</strong></span> <span class='ocrx_word' id='word_1_211' title='bbox 1208 4206 1397 4290; x_wconf 85' lang='lat' dir='ltr'><strong>fragmentis</strong></span> 
     </span>
     <span class='ocr_line' id='line_1_27' title="bbox 199 4315 1396 4399; baseline 0 -19"><span class='ocrx_word' id='word_1_212' title='bbox 199 4315 303 4382; x_wconf 92' lang='lat' dir='ltr'><strong>denuo</strong></span> <span class='ocrx_word' id='word_1_213' title='bbox 327 4335 456 4399; x_wconf 90' lang='lat' dir='ltr'><strong>operam</strong></span> <span class='ocrx_word' id='word_1_214' title='bbox 479 4335 606 4381; x_wconf 88' lang='lat' dir='ltr'><strong>navare.</strong></span> <span class='ocrx_word' id='word_1_215' title='bbox 650 4337 744 4398; x_wconf 90' lang='lat' dir='ltr'><strong>quam</strong></span> <span class='ocrx_word' id='word_1_216' title='bbox 768 4317 813 4382; x_wconf 92' lang='lat' dir='ltr'><strong>ita</strong></span> <span class='ocrx_word' id='word_1_217' title='bbox 837 4316 972 4397; x_wconf 87' lang='lat' dir='ltr'><strong>institui,</strong></span> <span class='ocrx_word' id='word_1_218' title='bbox 997 4323 1030 4381; x_wconf 90' lang='lat' dir='ltr'><strong>ut</strong></span> <span class='ocrx_word' id='word_1_219' title='bbox 1044 4316 1181 4398; x_wconf 91' lang='lat' dir='ltr'><strong>primum</strong></span> <span class='ocrx_word' id='word_1_220' title='bbox 1195 4315 1396 4398; x_wconf 90' lang='lat' dir='ltr'><strong>disputarem</strong></span> 
     </span>
    </p>
   </div>
   <div class='ocr_carea' id='block_1_4' title="bbox 199 4495 1399 4861">
    <p class='ocr_par' dir='ltr' id='par_1_4' title="bbox 199 4495 1399 4780">
     <span class='ocr_line' id='line_1_28' title="bbox 304 4495 1399 4585; baseline 0 -17"><span class='ocrx_word' id='word_1_221' title='bbox 304 4519 329 4581; x_wconf 83' lang='lat' dir='ltr'><strong>l)</strong></span> <span class='ocrx_word' id='word_1_222' title='bbox 351 4515 444 4569; x_wconf 90' lang='lat' dir='ltr'><strong>Plauti</strong></span> <span class='ocrx_word' id='word_1_223' title='bbox 463 4515 622 4570; x_wconf 89' lang='lat' dir='ltr'><strong>fabularum</strong></span> <span class='ocrx_word' id='word_1_224' title='bbox 640 4515 785 4585; x_wconf 85' lang='lat' dir='ltr'><strong>editiones,</strong></span> <span class='ocrx_word' id='word_1_225' title='bbox 804 4495 905 4585; x_wconf 80' lang='lat' dir='ltr'><strong>quibus</strong></span> <span class='ocrx_word' id='word_1_226' title='bbox 923 4515 1081 4585; x_wconf 79' lang='lat' dir='ltr'><strong>fragmenta</strong></span> <span class='ocrx_word' id='word_1_227' title='bbox 1099 4515 1208 4570; x_wconf 87' lang='lat' dir='ltr'><strong>adiecta</strong></span> <span class='ocrx_word' id='word_1_228' title='bbox 1235 4520 1308 4583; x_wconf 84' lang='lat' dir='ltr'><strong>sunt,</strong></span> <span class='ocrx_word' id='word_1_229' title='bbox 1334 4533 1399 4570; x_wconf 91' lang='lat' dir='ltr'><strong>enu-</strong></span> 
     </span>
     <span class='ocr_line' id='line_1_29' title="bbox 199 4611 1398 4682; baseline -0.001 -17"><span class='ocrx_word' id='word_1_230' title='bbox 199 4612 318 4667; x_wconf 83' lang='lat' dir='ltr'><strong>meravit</strong></span> <span class='ocrx_word' id='word_1_231' title='bbox 338 4612 506 4667; x_wconf 86' lang='lat' dir='ltr'><strong>Ritscbelius</strong></span> <span class='ocrx_word' id='word_1_232' title='bbox 526 4612 626 4682; x_wconf 89' lang='lat' dir='ltr'><strong>Opusc.</strong></span> <span class='ocrx_word' id='word_1_233' title='bbox 646 4613 671 4666; x_wconf 92' lang='lat' dir='ltr'><strong>ll</strong></span> <span class='ocrx_word' id='word_1_234' title='bbox 690 4631 719 4682; x_wconf 88' lang='lat' dir='ltr'><strong>p.</strong></span> <span class='ocrx_word' id='word_1_235' title='bbox 737 4615 772 4666; x_wconf 83' lang='lat'><strong>76</strong></span> <span class='ocrx_word' id='word_1_236' title='bbox 798 4613 975 4681; x_wconf 84' lang='lat' dir='ltr'><strong>(quibuscum</strong></span> <span class='ocrx_word' id='word_1_237' title='bbox 1003 4612 1129 4666; x_wconf 87' lang='lat' dir='ltr'><strong>conferas</strong></span> <span class='ocrx_word' id='word_1_238' title='bbox 1158 4611 1287 4666; x_wconf 88' lang='lat' dir='ltr'><strong>Brandtii</strong></span> <span class='ocrx_word' id='word_1_239' title='bbox 1312 4613 1398 4668; x_wconf 87' lang='lat' dir='ltr'><strong>adno-</strong></span> 
     </span>
     <span class='ocr_line' id='line_1_30' title="bbox 201 4709 1055 4780; baseline 0.002 -18"><span class='ocrx_word' id='word_1_240' title='bbox 201 4710 339 4764; x_wconf 88' lang='lat' dir='ltr'><strong>tationem</strong></span> <span class='ocrx_word' id='word_1_241' title='bbox 358 4710 429 4764; x_wconf 89' lang='lat' dir='ltr'><strong>Mus.</strong></span> <span class='ocrx_word' id='word_1_242' title='bbox 449 4709 539 4764; x_wconf 86' lang='lat' dir='ltr'><strong>Rhea.</strong></span> <span class='ocrx_word' id='word_1_243' title='bbox 559 4710 678 4764; x_wconf 85' lang='lat' dir='ltr'>XXXIII</span> <span class='ocrx_word' id='word_1_244' title='bbox 697 4729 723 4780; x_wconf 92' lang='lat' dir='ltr'><strong>p.</strong></span> <span class='ocrx_word' id='word_1_245' title='bbox 745 4710 809 4778; x_wconf 80' lang='lat'>630)</span> <span class='ocrx_word' id='word_1_246' title='bbox 825 4728 852 4778; x_wconf 90' lang='lat' dir='ltr'><strong>p.</strong></span> <span class='ocrx_word' id='word_1_247' title='bbox 872 4712 930 4779; x_wconf 83' lang='lat'><strong>113,</strong></span> <span class='ocrx_word' id='word_1_248' title='bbox 949 4728 976 4779; x_wconf 87' lang='lat' dir='ltr'><strong>p.</strong></span> <span class='ocrx_word' id='word_1_249' title='bbox 997 4710 1055 4764; x_wconf 82' lang='grc'>154.</span> 
     </span>
    </p>

    <p class='ocr_par' dir='ltr' id='par_1_5' title="bbox 1239 4810 1251 4861">
     <span class='ocr_line' id='line_1_31' title="bbox 1239 4810 1251 4861; baseline 0 0"><span class='ocrx_word' id='word_1_250' title='bbox 1239 4810 1251 4861; x_wconf 91' lang='grc'>1</span> 
     </span>
    </p>
   </div>
   <div class='ocr_carea' id='block_1_5' title="bbox 0 0 1832 5534">
    <p class='ocr_par' dir='ltr' id='par_1_6' title="bbox 0 0 1832 5534">
     <span class='ocr_line' id='line_1_32' title="bbox 0 0 1832 5534; baseline 0 0"><span class='ocrx_word' id='word_1_251' title='bbox 0 0 1832 5534; x_wconf 95' lang='lat' dir='ltr'><strong> </strong></span> 
     </span>
    </p>
   </div>
  </div>
 </body>
</html>
