3634 5534
858 673 1135 740 cassaneam

549 912 565 957 e
588 916 649 980 ego
670 912 812 980 pernam,
834 893 946 960 alimen
968 785 1083 976 simis,
1106 894 1233 978 spetile,
1256 894 1386 975 callam,
1408 893 1548 976 glandia.

547 1114 730 1180 patibulum
751 1112 836 1179 lesit
858 1132 916 1196 per
938 1003 1056 1191 urblslmq
1079 1111 1199 1178 deinde
1219 1112 1382 1196 adligatis
1404 1114 1497 1178 eruci.

547 1361 587 1397 m
608 1331 781 1398 seeundum
799 1332 930 1417 eimpse
952 1222 1041 1397 egeln
1061 1353 1174 1398 aurum
1190 1331 1390 1399 absaindidi.

398 1574 476 1619 eam
503 1553 580 1619 lieet
601 1554 715 1618 hiemis
737 1552 830 1618 nobis
854 1559 980 1636 tempus
1003 1550 1155 1627 invideat,
1179 1556 1286 1616 tamen
1303 1551 1379 1632 quia
1398 1549 1439 1616 de
1455 1549 1591 1616 napibus

397 1661 564 1746 loquimur,
589 1661 741 1727 indictam
762 1683 826 1728 non
849 1659 1081 1744 relinquamus.
1104 1662 1237 1728 Plautus
1251 1661 1448 1730 incalceato
1461 1661 1509 1727 sie
1523 1661 1592 1727 eius

397 1771 557 1838 meminit:
584 1773 768 1837 molluscum
790 1791 817 1836 e.
841 1793 871 1854 q.
894 1791 919 1836 s.
950 1791 1025 1837 ecee
1047 1771 1181 1837 Plautus
1204 1772 1347 1837 nominat
1369 1771 1499 1853 quidem
1533 1770 1591 1837 sed

398 1881 477 1965 quid
499 1883 540 1947 sit
562 1900 627 1946 nux
649 1882 805 1947 mollusea
828 1902 890 1948 non
913 1882 1073 1970 exprimit.
1113 1888 1166 1946 est
1189 1887 1296 1946 autem
1319 1880 1485 1946 Persiaum
1506 1880 1592 1964 quod

396 1992 493 2075 uulgo
515 1997 647 2056 vocatur
668 1997 699 2056 et
720 1991 876 2057 mollusea
905 2011 971 2060 nux
992 1991 1109 2058 dieitur
1130 1990 1255 2058 scilieet
1281 1991 1367 2073 quod
1390 1990 1505 2060 ueteris
1529 2009 1594 2054 om·

397 2102 492 2167 nibus
515 2101 659 2170 nucibus,
674 2101 801 2167 mollior
836 2100 887 2167 sit.
926 2099 1091 2169 Osbemus
1113 2121 1144 2186 p.
1168 2102 1229 2168 279
1245 2100 1285 2166 Μ.
1308 2100 1428 2174 dieitur
1449 2099 1546 2166 etiam
1562 2103 1595 2164 et

317 2251 321 2262 -
398 2210 600 2289 molluscae,
622 2228 660 2274 eo
682 2209 768 2292 quod
791 2209 979 2287 mollis'sit3
1002 2210 1087 2275 unde
1111 2210 1258 2275 Plautus:
1281 2210 1508 2275 molluseame.
1522 2227 1552 2290 q.
1569 2227 1594 2272 s.

399 2347 403 2356 ·
495 2316 772 2384 cassaneam
804 2321 820 2383 I
846 2319 962 2385 Festus
990 2339 1020 2404 p.
1043 2321 1115 2390 330,
1145 2319 1186 2404 24
1201 2319 1242 2386 Μ.
1266 2319 1424 2402 spetile
1446 2316 1594 2402 (spectile

402 2428 485 2508 Vra.)
507 2439 641 2495 uaaatur
661 2427 746 2494 iufra
765 2413 952 2495 umbilicum
975 2429 1054 2511 suis,
1066 2427 1154 2512 quod
1170 2434 1219 2494 est
1240 2429 1329 2494 carni
1344 2428 1469 2514 proprii
1486 2426 1593 2492 auius

397 2536 471 2602 dam
488 2537 619 2602 habitas
637 2557 727 2618 exos,
748 2555 814 2619 qua
830 2536 927 2608 etiam
949 2537 1074 2620 antiqui
1097 2556 1152 2621 per
1169 2555 1204 2602 se
1230 2538 1410 2606 utebantur.
1460 2536 1593 2602 Plautus

397 2646 638 2724 enumerandlis
660 2645 779 2728 slaillis
802 2647 872 2728 (cfr.
893 2645 1018 2712 Keiliua
1033 2647 1121 2712 Mus.
1136 2645 1236 2714 Rieu.
1254 2646 1302 2710 Vl
1312 2667 1348 2728 p.
1358 2647 1440 2728 625)
1463 2646 1594 2712 absonis

399 2757 430 2820 in
444 2754 646 2822 &maneria
657 2757 705 2822 sia
715 2777 769 2821 m.:
783 2776 843 2840 ego
854 2777 987 2841 pernam
1002 2777 1028 2822 e.
1045 2777 1075 2841 q.
1089 2777 1118 2822 s.
1175 2757 1207 2822 Π
1226 2756 1351 2823 Nonius
1365 2778 1395 2841 p.
1409 2757 1482 2837 221,
1501 2755 1540 2820 10
1551 2754 1592 2826 M.

397 2864 615 2947 patibulum
638 2867 755 2948 genere
771 2873 898 2931 nautae:
914 2866 1093 2932 masculino
1106 2865 1252 2931 Licinius
1268 2915 1273 2928 .
1292 2913 1299 2928 .
1318 2916 1324 2929 .
1343 2916 1349 2929 .
1365 2864 1499 2932 Plautus
1514 2861 1591 2929 Om-

397 2972 546 3038 bonaria:
569 2972 747 3057 patibulum
772 2996 799 3040 e.
823 2995 852 3056 q.
875 2994 901 3039 s.
947 2976 997 3040 III
1012 2973 1229 3042 Ptiseianusl
1251 2993 1282 3057 p.
1298 2975 1402 3055 516,5
1421 2974 1458 3040 H.
1484 2967 1591 3038 a‘tlo'

397 3082 505 3161 verba,
537 3082 625 3165 quad
658 3083 795 3166 simplex
830 3081 953 3167 prinae
976 3090 1026 3148 est
1047 3083 1294 3165 coniugatiaaiq
1315 3084 1498 3167 eompasite
1520 3101 1591 3146 aum

396 3189 636 3274 praepositione
658 3193 772 3258 tertiae
796 3198 870 3256 sunt
892 3199 924 3256 et
947 3191 1104 3276 primitivi
1134 3198 1264 3257 servant
1284 3191 1461 3276 perfeetum
1484 3191 1593 3278 dupli·

397 3301 503 3396 eantia
522 3291 587 3365 ‘di'
609 3321 636 3367 e.
660 3320 688 3384 q.
712 3322 736 3366 s.
769 3301 879 3383 itaque
913 3301 1022 3367 omnia
1056 3300 1140 3367 idem
1174 3287 1382 3386 praeteritum
1415 3299 1589 3386 perfectum

398 3538 432 3594 36
444 3554 495 3608 ega
507 3535 565 3592 aad.
581 3540 640 3592 esto
657 3536 848 3593 Taubmauuus
865 3537 1016 3594 Lmenuiua
1033 3538 1133 3594 Paitoi.
1147 3537 1269 3594 XXXV
1279 3556 1308 3608 p.
1319 3542 1371 3593 159
1385 3555 1452 3609 egeo
1470 3538 1592 3594 Batluiua

396 3633 483 3703 iuopia
497 3632 618 3702 quadrat
639 3638 668 3690 at
685 3635 725 3690 val
743 3651 817 3692 nunu
835 3652 925 3705 ego..
944 3634 1031 3693 offero
1047 3635 1085 3689 uel
1103 3634 1196 3703 aeliu,
1218 3635 1290 3704 quaa
1314 3635 1345 3694 iu
1366 3651 1445 3692 uersu
1469 3639 1592 3703 aequente

395 3731 515 3800 positum
533 3731 621 3800 suiau
642 3737 737 3800 pateat.
785 3732 883 3800 spetile
906 3732 982 3788 Festi
1001 3731 1061 3786 aad.
1083 3732 1175 3802 priora
1196 3733 1259 3800 laea
1283 3733 1368 3788 Pauli
1382 3731 1459 3788 cada.
1478 3746 1507 3801 p.
1530 3735 1592 3798 331,

398 3832 441 3884 10.
461 3828 575 3896 spectile
594 3827 671 3884 Fasti
689 3827 749 3884 aad?
765 3828 796 3882 ia
813 3843 892 3886 uersu
910 3827 978 3896 ipso.
997 3833 1029 3882 ut
1047 3829 1145 3897 spetile
1157 3829 1274 3895 formata
1282 3828 1479 3898 praeferamus,
1496 3829 1592 3884 suadet

396 3924 509 3980 metrica
526 3924 607 3980 ratio.
645 3926 678 3978 87
697 3924 840 3994 patibulus
859 3924 935 3980 ferar
952 3925 1020 3982 mai.
1043 3925 1169 3995 Iapetus,
1194 3925 1267 3995 quod
1293 3926 1407 3984 altiores
1425 3932 1591 3996 reciperunt,

397 4036 560 4090 quamquam
573 4020 697 4080 aliasque
715 4020 872 4090 uaiaimaque
891 4025 986 4090 aptatu
1003 4021 1092 4076 ausui
1113 4021 1196 4090 insert
1225 4023 1393 4078 sauteastiam.
1429 4039 1513 4091 aequae
1531 4023 1592 4080 eaeo

396 4132 466 4186 apua
482 4121 522 4172 ast
539 4117 650 4172 auitae
668 4116 820 4186 patibulus,
840 4117 905 4186 quia
918 4118 1089 4174 accusativus
1100 4120 1256 4188 patibulum
1274 4119 1403 4188 adpeuua
1412 4120 1592 4178 masuudituuuu

395 4212 606 4283 inlustrandum,
632 4213 663 4268 id
680 4213 752 4282 quad
773 4211 887 4268 Nouius
910 4213 1076 4279 intendebat,
1097 4215 1173 4270 haud
1199 4216 1275 4274 aaut.
1312 4217 1422 4284 supina
1444 4216 1515 4274 euim
1534 4215 1591 4272 Na·

395 4309 460 4364 uiua
483 4309 586 4366 similia
609 4311 700 4366 mustus
726 4314 796 4379 apta
823 4311 943 4379 aaaapla
969 4310 1125 4380 adscripsit,
1150 4317 1181 4365 ut
1206 4329 1237 4381 p.
1256 4316 1312 4369 221
1336 4329 1358 4366 a.
1381 4330 1405 4368 u.
1434 4313 1590 4376 reticulum,

395 4410 493 4476 p·226
510 4423 564 4464 au.
583 4410 679 4462 status.
716 4405 814 4475 alligat
824 4405 897 4460 aaa.
911 4405 1028 4477 suffigar
1041 4407 1109 4462 aaut.
1126 4406 1242 4478 Lipsius
1277 4407 1410 4479 affigatur
1423 4409 1591 4464 Galaeluius.

398 4504 448 4571 cfr.
474 4504 690 4560 Persuasus
713 4507 742 4557 te
766 4503 842 4562 aruai
866 4503 957 4574 ipsum
981 4502 1104 4575 adfigent
1122 4504 1284 4574 propediem
1301 4505 1373 4562 sliei.
1429 4508 1463 4562 38
1482 4525 1592 4577 eumpse

395 4601 464 4658 mai.
484 4600 673 4660 Flacluiaauus
695 4601 784 4671 ipsam
802 4599 975 4658 Prisciauuu.
1015 4599 1201 4660 Oaubuuariua
1218 4601 1328 4668 fabulae
1341 4603 1498 4660 amamur
1510 4604 1589 4658 adiu-

397 4698 471 4752 dicat
489 4699 650 4754 Ritaaheliua
671 4698 780 4766 Parerp.
798 4713 826 4766 p.
845 4701 882 4753 98
899 4698 964 4764 (cfr.
983 4715 1009 4766 p.
1028 4699 1092 4766 101)
1110 4713 1212 4752 uersum
1236 4701 1301 4755 Tibi
1319 4703 1393 4758 servi
1410 4703 1491 4756 multi
1516 4702 1591 4772 apud
