3634 5534
516 738 615 804 linito
637 739 791 804 maiorem
806 737 923 806 esteris
945 744 1227 824 grammaticorum
1244 745 1375 830 seriptis
1387 747 1614 817 differitatem

417 845 573 929 praebent
605 847 835 913 commentaria
870 849 902 912 in
928 847 1106 932 Vergilium
1140 851 1246 917 Servii
1285 853 1413 921 nomine
1449 857 1614 944 inscripta.

416 955 500 1022 inber
521 955 636 1022 multos
658 975 769 1022 versus
793 957 959 1024 Plautinos
989 959 1035 1024 ibi
1058 968 1250 1028 memoratos
1279 964 1410 1044 quinam
1438 985 1496 1049 pro
1522 969 1615 1054 frag·

416 1063 532 1131 mentis
555 1059 696 1131 habendi
713 1066 784 1143 sint,
810 1065 883 1132 ideo
896 1065 990 1133 valde
1006 1067 1140 1134 difficile
1156 1077 1205 1136 est
1220 1069 1410 1152 diiudicatu,
1434 1076 1512 1158 qnia
1526 1076 1613 1144 baud

416 1174 511 1257 pauet
533 1193 654 1254 versus,
678 1195 759 1257 quos
774 1175 818 1240 ad
840 1175 966 1242 fabulas
978 1178 1195 1244 varronianae
1219 1180 1381 1262 pertinere
1402 1183 1488 1250 tituli
1508 1186 1613 1253 additi

416 1290 507 1350 extra
527 1282 762 1350 dubitationem
777 1293 910 1368 ponunt,
933 1285 1105 1352 admodum
1124 1286 1316 1356 distantesa
1338 1292 1506 1361 eedioibus
1519 1296 1614 1363 Plau·

415 1394 492 1460 tinio
511 1393 683 1460 ostendunt
715 1415 812 1479 saepe
847 1397 880 1460 in
900 1397 1048 1462 versibus
1071 1397 1295 1468 deseribendis
1324 1421 1480 1468 summam
1503 1408 1613 1488 negle-

414 1504 555 1586 gentiam
578 1503 754 1570 admissam
776 1525 855 1572 esse.
892 1505 951 1571 hoe
980 1515 1089 1572 tamen
1118 1510 1152 1574 in
1174 1511 1310 1576 alteram
1333 1519 1458 1579 tantum
1481 1535 1520 1580 33
1542 1516 1614 1582 333Ι

414 1612 537 1678 viorenr
569 1614 869 1680 oommentariorum
904 1622 1028 1699 partem
1060 1617 1159 1696 velet,
1200 1618 1291 1685 euius
1325 1622 1474 1688 Servium
1508 1625 1613 1708 ipsum

355 1765 357 1768 -
414 1726 576 1787 auetorem
600 1741 672 1788 3333
684 1722 779 1788 Thilo
796 1723 953 1806 probavit.
990 1724 1136 1791 Servium
1156 1729 1317 1794 eurIosum
1334 1731 1440 1797 Plauti
1461 1734 1612 1799 teotonem

414 1829 531 1897 docent
563 1832 743 1916 complures
775 1831 848 1911 foai,
883 1834 966 1898 siout
998 1833 1043 1900 ad
1071 1835 1151 1900 Aen.
1180 1838 1233 1917 IV,
1263 1840 1335 1922 1493
1369 1841 1421 1924 Vl,
1441 1839 1520 1923 3833
1555 1841 1613 1920 lx,-

414 1939 485 2006 647.
519 1940 629 2041 itaque
652 1950 737 2008 reete
757 1949 793 2008 ut
815 1943 930 2026 opinor
952 1945 1012 2008 viri
1034 1945 1119 2010 doeti
1146 1947 1219 2013 illas
1235 1925 1407 2014 leetionum
1430 1950 1612 2036 diserepan

414 2049 476 2118 tias
509 2069 548 2117 33
570 2051 773 2136 potissimum
807 2059 936 2148 exortas
970 2073 1041 2120 esse
1073 2063 1277 2141 eensuerunt,
1310 2059 1396 2140 qnod
1427 2059 1560 2126 Servius
1594 2081 1612 2126 e

413 2162 569 2226 memoria
587 2179 698 2226 versus
721 2162 891 2226 attulisset.
946 2162 988 2226 ab
1023 2162 1084 2228 boo
1118 2166 1214 2248 plane
1244 2170 1435 2233 eontrarium
1458 2168 1612 2236 iudioium

414 2269 502 2336 eadit
534 2270 567 2335 in
600 2272 736 2336 alterum
758 2272 1059 2338 eommentariorum
1082 2291 1204 2356 genus,
1217 2276 1309 2341 euius
1332 2283 1444 2342 auotor
1462 2280 1613 2363 exempla

414 2378 659 2444 adouratissime
682 2380 852 2464 descripsit
873 2380 920 2445 ita
944 2389 979 2447 ut
1000 2400 1116 2447 versus
1134 2401 1213 2465 quos
1242 2382 1346 2449 adfert
1369 2385 1511 2450 Plautini
1543 2388 1612 2454 fere

414 2507 524 2554 omnes
544 2507 618 2554 eum
639 2489 797 2566 versibus,
830 2490 940 2573 quales
962 2491 994 2554 in
1016 2489 1184 2555 eodieibns
1207 2492 1364 2574 leguntur,
1400 2492 1443 2559 ad
1477 2497 1610 2562 verbnm

413 2598 614 2664 eonveniant.
666 2599 763 2682 pauei
785 2604 905 2671 tantum
930 2598 1091 2680 differunt,
1115 2609 1155 2665 ut
1170 2599 1212 2666 ad
1225 2602 1314 2667 Aen.
1332 2600 1356 2684 I,
1380 2605 1455 2684 2333
1477 2605 1522 2670 IV
1538 2607 1610 2682 301,

413 2707 484 2788 373,
517 2707 602 2790 6083.
623 2707 712 2789 VIII,
743 2709 818 2786 6323
852 2708 893 2787 X,
924 2710 998 2787 5323
1035 2708 1092 2792 XI,
1122 2705 1196 2786 160;
1230 2711 1296 2777 IIel.
1321 2711 1378 2791 IX,
1402 2715 1457 2792 203
1489 2714 1609 2798 (leorg⁶

413 2815 437 2890 I,
469 2817 540 2881 266.
593 2835 675 2900 quae
708 2815 946 2902 disorepantiae
977 2820 1093 2903 partim
1122 2819 1326 2886 librariorum
1358 2823 1476 2906 partim
1511 2827 1610 2910 sorip·

413 2926 493 2992 toris
529 2923 633 3008 ipsius
669 2926 831 2992 erroribus
864 2933 959 2993 natae
992 2935 1056 2993 tam
1091 2931 1177 2994 leves
1211 2937 1293 3009 sunt,
1328 2937 1363 2995 nt
1398 2931 1555 2998 indieium
1592 2953 1610 3000 e

413 3034 527 3100 eeteris
558 3034 781 3120 depromptum
813 3037 943 3102 minIme
977 3037 1183 3101 labefaciant.
1228 3057 1294 3119 qua
1326 3038 1454 3106 diversa
1486 3041 1609 3106 eitundi

412 3145 536 3211 ratione
558 3165 620 3211 non
643 3153 811 3230 perspecta
834 3148 957 3230 priores
978 3146 1034 3228 qui
1059 3147 1241 3230 fragmenta
1257 3167 1274 3212 e
1290 3146 1423 3212 seholiis
1439 3149 1606 3212 ServianIs

412 3254 610 3338 eollegornnt
633 3255 705 3339 plus
726 3256 823 3320 semel
847 3261 1042 3321 erraverunt.
1099 3261 1186 3319 eerte
1207 3254 1376 3336 scriptoris
1400 3254 1495 3320 istius
1518 3254 1608 3320 sobo-

412 3366 525 3430 liorum
548 3366 674 3448 generis
696 3363 893 3430 consuetudo
909 3365 1059 3449 postulat,
1083 3371 1117 3429 ut
1138 3381 1196 3428 eos
1211 3381 1333 3441 versus,
1358 3364 1414 3446 qni
1430 3364 1500 3429 sine
1514 3355 1609 3429 fabu-

412 3475 515 3541 larum
548 3474 651 3540 titulis
682 3473 799 3558 prolati
835 3495 905 3540 oum
939 3472 1083 3540 eodioum
1111 3473 1331 3538 Plautinorum
1365 3473 1513 3539 versibus
1546 3493 1608 3538 non

413 3585 616 3658 conveniunt,
648 3584 902 3666 fragmentorum
931 3582 1039 3648 ordini
1065 3581 1291 3648 attribuamus.
1344 3583 1451 3664 itaque
1478 3601 1608 3646 versum

412 3691 456 3759 ad
477 3693 556 3758 Aen.
579 3692 619 3768 H,
642 3691 702 3756 357
737 3698 942 3758 memoratum
973 3690 1098 3756 ‘eatuli
1131 3690 1263 3755 Plautus
1298 3689 1395 3754 etiam
1431 3709 1540 3754 suumr
1577 3695 1609 3754 et

412 3821 472 3886 ege
504 3809 536 3867 te
557 3802 751 3868 eoneulesbo
775 3809 809 3868 ut
839 3822 894 3869 sus
916 3802 1039 3866 eatnlos
1063 3800 1167 3875 suos',
1200 3818 1295 3881 quem
1318 3799 1442 3881 priores
1466 3797 1608 3863 editores

412 3931 580 3996 perperam
597 3931 668 3978 enm
679 3911 807 3977 Trueul.
822 3931 850 3976 v.
864 3913 925 3976 268
939 3910 1123 3977 confudisse
1136 3911 1199 3975 ium
1216 3907 1397 3974 Seboellius
1414 3906 1456 3973 ad
1472 3906 1608 3973 eundem

412 4041 539 4087 versum
561 4017 694 4108 adnotat
725 4017 867 4084 metricis
901 4017 1080 4084 rationibus
1105 4015 1240 4087 innisus,
1274 4015 1465 4098 fragmentis
1498 4012 1607 4078 reddo.

412 4149 516 4212 neque
537 4130 632 4194 aliter
664 4127 801 4194 iudicari
824 4128 902 4193 lieet
923 4127 964 4194 de
986 4127 1094 4192 vorbis
1120 4123 1291 4208 adseriptis
1316 4124 1358 4188 ad
1373 4125 1451 4188 Aen.
1467 4123 1521 4199 IV,
1547 4123 1608 4186 533

410 4231 549 4305 ‘insistit
565 4247 656 4334 ·e.'q.
680 4258 705 4302 3.
730 4285 787 4299 ...
810 4237 943 4302 Plautus
966 4244 1073 4301 tamen
1097 4235 1143 4298 ita
1166 4235 1226 4299 ait:
1262 4231 1346 4298 hune
1369 4252 1544 4298 sermonem
1562 4234 1606 4297 in-

412 4348 509 4426 stiti',
532 4347 575 4413 ad
598 4348 678 4412 Aen.
695 4346 753 4429 IX,
783 4346 845 4410 399
864 4344 1046 4429 ‘pulchram
1070 4365 1096 4410 e.
1119 4365 1151 4428 q.
1173 4363 1197 4408 s.
1221 4393 1249 4406 ..
1269 4393 1274 4406 .
1297 4349 1352 4408 aut
1368 4349 1453 4410 eerte
1474 4343 1607 4426 antique

413 4463 562 4545 properet
595 4463 727 4524 mortem
759 4463 794 4523 ut
815 4458 963 4522 Plautus:
995 4462 1166 4540 properate
1198 4443 1392 4538 prandium,
1419 4454 1462 4518 ad
1482 4453 1561 4519 Aen.
1582 4453 1607 4533 I,

414 4569 475 4634 738
501 4566 712 4650 ‘inerepitans
736 4565 914 4632 inelamans
939 4613 993 4630 ...
1018 4572 1053 4631 ut
1075 4565 1223 4630 Plautus:
1247 4583 1350 4646 neque
1371 4582 1434 4646 ego
1457 4561 1499 4626 nd
1519 4582 1606 4629 men·

338 4705 341 4716 ·
413 4697 482 4743 sam
500 4676 648 4760 publieas
671 4695 723 4740 res
748 4676 851 4741 elamo
873 4695 977 4758 neque
1000 4674 1089 4758 leges
1112 4673 1230 4756 erepo’.

497 4787 628 4852 Servius
650 4787 720 4868 ipse
744 4805 815 4850 eum
839 4805 941 4867 neque
964 4803 1074 4848 versus
1090 4783 1263 4878 diligenter
1283 4780 1487 4847 describendi
1503 4799 1606 4863 neque
