3634 5534
363 655 554 762 ‘opens
591 676 687 741 mrsu
721 675 863 756 marom,
895 674 1006 748 serris,
1045 675 1143 740 aare
1172 676 1294 740 nnsis
1330 675 1374 740 au
1402 675 1594 742 emnam

401 787 572 872 epistulae,
603 783 737 852 scholiis
767 783 1015 864 Veronensibus,
1048 785 1185 868 pleniori
1219 785 1253 849 in
1285 785 1420 868 Vergilii
1453 788 1597 850 carmina

401 895 631 964 urmmentarIo
645 895 703 978 qui
723 893 844 960 dicitur
864 894 1033 972 Serviano,
1055 895 1150 960 libris
1160 895 1270 974 Nonii,
1293 895 1445 976 Charisii,
1468 895 1594 962 Diome

401 1005 463 1082 dis,
486 1003 653 1080 Macrobii,
676 1001 843 1068 Prisciani
882 1003 1063 1086 dequibus
1084 1004 1234 1086 reliquiis
1256 1011 1291 1070 ut
1312 1013 1398 1070 reete
1425 1004 1596 1084 iudicetur,

402 1114 548 1198 inprImis
572 1111 606 1180 id
621 1111 848 1197 inquirendum
862 1119 922 1178 est.
944 1111 1030 1178 unde
1045 1113 1167 1196 singuli
1181 1114 1357 1197 scriptores
1370 1133 1494 1178 versus.
1514 1133 1597 1196 quos

401 1221 559 1306 adieram,
581 1221 788 1306 sumpserint,
805 1227 911 1286 ulrum
927 1241 945 1286 e
960 1221 1081 1287 fabulis
1096 1223 1179 1305 ipsis
1192 1243 1236 1286 an
1250 1242 1269 1288 e
1284 1223 1425 1305 priorum
1439 1243 1597 1306 gruum·

401 1333 536 1400 lioornm
556 1330 719 1416 operibus.

500 1441 550 1507 De
559 1441 703 1507 Varrone
725 1439 883 1506 etVerrio
905 1437 1061 1505 iudieIum
1088 1439 1176 1506 haud
1196 1441 1378 1507 fluctuatur.
1403 1460 1597 1522 quamquam

401 1553 486 1618 enim
510 1570 567 1634 pro
590 1557 677 1616 cerlo
706 1547 818 1615 baberi
846 1557 963 1633 potest,
997 1557 1166 1632 unumque
1190 1571 1209 1616 e
1236 1551 1378 1634 priorum
1412 1549 1596 1632 grammati-

400 1679 510 1728 corum
532 1658 625 1725 libris
652 1679 716 1724 nnn
749 1659 839 1724 nulla
860 1667 1003 1724 veterum
1025 1660 1220 1741 scriptorum
1241 1659 1390 1744 exempla
1420 1667 1597 1723 mutuatum

401 1787 482 1850 esse,
508 1775 617 1834 lamen
639 1787 702 1832 non
725 1765 859 1832 dubium
880 1775 938 1844 est,
972 1767 1051 1848 quin
1073 1768 1212 1852 plurIma
1233 1788 1252 1833 e
1274 1767 1395 1833 tabulis
1417 1768 1498 1852 ipsis
1520 1766 1596 1832 bau-

402 1877 512 1946 serInl.
566 1877 706 1942 Probum
730 1876 857 1942 tabulas
887 1875 976 1959 ipses
1003 1876 1183 1958 inspexisse
1215 1887 1248 1943 et
1279 1875 1513 1942 demonstrabit
1533 1875 1596 1942 dis

401 1985 543 2073 ceptatio
570 1986 612 2051 de
642 1986 855 2052 recentiorum
879 1987 1158 2068 grammaticorum
1191 1987 1335 2052 l'ontibus
1368 1995 1402 2052 et
1428 1987 1597 2069 perspicue

401 2095 517 2162 docem
540 2095 649 2172 verba,
683 2113 768 2176 quae
796 2099 870 2158 sunt
901 2094 935 2157 in
963 2095 1033 2158 vita
1054 2093 1191 2176 Vergilii
1212 2093 1310 2158 Probi
1318 2095 1344 2174 1)
1370 2095 1597 2162 commentario

402 2204 589 2290 praemissa,
613 2202 728 2268 haece:
748 2195 844 2268 ‘sunt
865 2209 974 2268 autem
995 2201 1144 2268 astrabae
1166 2200 1316 2268 vehicula
1336 2203 1423 2269 dicta
1444 2198 1534 2285 παρὰ
1558 2199 1597 2268 τὸ

400 2307 445 2397 μὴ
461 2309 677 2396 στρέφεσθαι,
703 2331 765 2394 quo
789 2311 884 2377 titulo
907 2320 939 2376 et
959 2311 1094 2377 Plautus
1116 2312 1260 2378 liubulam
1284 2313 1456 2396 inscripsit,
1477 2316 1510 2378 Iu
1532 2333 1598 2395 qua

402 2421 553 2489 mulieres
576 2423 607 2486 in
630 2420 788 2486 elusmodi
811 2418 971 2486 vebIoulis
993 2411 1143 2486 inducit'.
1194 2420 1319 2487 Plinius
1340 2441 1421 2514 quos
1444 2433 1599 2488 memorat

401 2550 516 2599 vorsus
544 2529 617 2595 Nat.
646 2529 727 2596 Hist.
759 2529 846 2610 XIV,
881 2531 922 2594 92
952 2530 1094 2595 crabro
1117 2530 1296 2608 Dossono2)
1320 2532 1466 2614 sumpsit,
1498 2531 1598 2597 verba

403 2641 446 2708 ad
475 2639 677 2708 Saturionem
706 2642 886 2724 spectantia
908 2639 1034 2718 XXIX,
1067 2641 1107 2704 58
1130 2639 1338 2706 verisimiIIus
1365 2646 1399 2706 ut
1432 2641 1546 2724 opinor
1579 2661 1597 2706 e

402 2748 508 2818 Verrii
536 2768 634 2834 opere
663 2769 759 2832 quam
783 2769 801 2814 e
824 2749 935 2816 fabula
958 2750 1032 2834 ipsa
1052 2749 1236 2832 descripsit,
1272 2770 1366 2816 uuum
1389 2751 1476 2832 quod
1498 2757 1599 2816 restat

404 2861 544 2927 incertae
574 2860 661 2926 sedis
691 2859 907 2943 fragmentum
932 2860 1023 2943 XIX,
1060 2862 1101 2924 50
1128 2859 1214 2925 unde
1244 2859 1389 2926 hauserit
1423 2857 1598 2927 diludieari

402 2988 464 3036 non
480 2973 594 3054 potest.
628 2989 733 3052 neque
745 2970 872 3035 Marcus
885 2969 1035 3034 Aurelius
1051 2977 1156 3034 utrum
1169 2968 1315 3035 Colacem
1332 2969 1485 3050 fabulam,
1507 2971 1599 3035 cuius

402 3084 466 3145 tres
502 3097 614 3144 vorsus
653 3084 816 3156 memorat,
849 3079 921 3160 ipse
952 3078 1145 3144 lectitaverit
1175 3099 1216 3143 an
1252 3099 1315 3144 non
1353 3079 1484 3144 decerni
1515 3080 1598 3145 linet.

402 3189 505 3253 miuus
534 3186 739 3254 fluctuantem
774 3188 965 3253 sententiam
999 3187 1172 3253 admittunt
1194 3187 1292 3253 Caeci
1323 3189 1374 3254 vel
1398 3188 1597 3255 Praedonum

401 3315 521 3378 versus,
546 3315 643 3390 quam
666 3296 809 3362 fabulam
831 3296 914 3362 Iullo
938 3297 1081 3362 Romano
1103 3298 1145 3362 ad
1167 3317 1281 3362 manus
1302 3297 1403 3364 fulsse
1436 3299 1522 3364 iutra
1544 3319 1597 3364 ox·
1623 3373 1629 3386 Ι

402 3405 542 3490 plicabo.
586 3405 750 3472 diversum
786 3405 936 3472 iudicium
972 3406 1059 3472 cadit
1091 3407 1124 3471 iu
1153 3415 1276 3472 ceteros
1305 3408 1488 3491 scriptores,
1518 3428 1599 3491 quos

402 3533 512 3582 omnes
535 3513 614 3579 mibi
638 3513 769 3598 quidem
801 3534 864 3580 uon
887 3515 1019 3581 dubium
1049 3521 1099 3580 est
1120 3516 1231 3599 copias
1260 3536 1335 3581 suas
1369 3536 1387 3581 e
1413 3518 1597 3599 grammati·

402 3643 510 3691 corum
541 3623 756 3690 conlectaneis
791 3625 1005 3708 transtulisse,
1038 3625 1084 3690 ita
1114 3633 1148 3689 ut
1182 3624 1262 3690 haec
1295 3631 1417 3690 tantum
1451 3626 1598 3708 quaestio

402 3739 575 3807 moveatur.
602 3732 791 3815 quibusnam
816 3732 959 3799 t'outibus
979 3753 1092 3800 versus
1107 3734 1273 3801 Plautinos
1289 3734 1467 3801 debuerim.
1501 3734 1598 3818 pauci

401 3861 522 3918 versus,
554 3842 609 3926 qui
634 3848 762 3909 exstant
783 3844 815 3907 in
836 3841 966 3908 scholiis
990 3842 1240 3923 Veronensibus,
1274 3844 1418 3928 pleniore
1441 3861 1598 3909 commcn-

402 3951 484 4018 terio
506 3949 672 4028 Serviano,
708 3950 865 4018 Macrobii
887 3950 990 4030 librIs,
1024 3951 1107 4017 unde
1131 3951 1285 4036 exscripti
1320 3951 1384 4018 sint
1413 3953 1491 4019 satis
1512 3941 1599 4018 certa

402 4079 464 4127 non
487 4058 641 4126 hebemus
665 4059 795 4142 iudicia,
829 4060 1023 4143 reliquorum
1055 4061 1159 4128 fontes
1183 4069 1303 4145 patent.
1349 4061 1489 4145 Gellium
1513 4063 1598 4145 frag·

503 4239 528 4306 1)
548 4235 665 4290 Frustra
702 4233 808 4291 Riesius
850 4235 897 4291 ‘dc
928 4237 1126 4292 commentario
1157 4234 1328 4308 Vergiliano
1353 4237 1400 4305 qui
1429 4237 1466 4290 M.
1494 4237 1599 4291 Valerii

402 4330 487 4388 Probi
511 4327 625 4388 dloitur'
655 4349 682 4402 p.
701 4334 717 4385 6
742 4350 800 4402 sqq.
827 4338 925 4388 contra
948 4333 1043 4388 Jahuii
1064 4335 1158 4403 (proll.
1181 4333 1216 4388 ad
1235 4334 1359 4387 Persium
1379 4352 1405 4402 p.
1426 4333 1510 4387 CXLI
1529 4339 1599 4403 sqq.)

402 4433 430 4484 ct
450 4427 669 4484 Reifferscheidii
689 4429 757 4490 (roll.
779 4428 890 4484 Sueton.
910 4448 936 4498 p.
958 4431 1019 4495 398)
1039 4431 1205 4486 sententiam
1224 4434 1339 4485 conatus
1362 4434 1404 4484 est
1423 4431 1494 4485 hanc
1512 4431 1598 4484 vitam

402 4525 549 4582 aVslorio
574 4525 665 4580 Probo
689 4525 802 4595 Berytio
830 4526 1000 4582 abiudicaro.
1038 4527 1088 4581 cI.
1109 4525 1237 4595 Steupius
1265 4524 1313 4581 ‘de
1335 4527 1435 4582 Probis
1459 4545 1598 4597 gramma·
1687 4593 1690 4600 Ι

402 4618 473 4678 licis*
496 4639 523 4694 p.
546 4622 595 4678 120
613 4639 673 4692 sqq.
1403 4675 1406 4682 ,
1628 4599 1639 4612 '

503 4719 530 4788 Β)
550 4717 604 4774 cu.
624 4717 769 4776 Ritsobelii
788 4718 900 4790 Parerg.
920 4719 1006 4789 prael.
1025 4735 1053 4788 p.
1072 4717 1146 4774 Xlll.
1246 4763 1247 4770 ,
1474 4702 1493 4742 ¹
1505 4707 1524 4736 ’
