3634 5534
737 515 912 568 ,35-

713 773 936 842 DYSCOLVS

374 931 394 965 s
416 905 506 986 virgo
528 924 608 985 sum,
631 901 772 969 nbndum
795 901 895 970 didici
918 900 1017 985 mipta
1037 901 1137 966 verba
1158 899 1273 965 dicere.

670 1113 981 1180 uuuuuuuuulx

814 1239 830 1304 1

374 1349 462 1414 Heus
484 1307 528 1422 tu,
550 1351 582 1414 in
608 1348 761 1414 barbaria
783 1347 869 1431 qued
891 1346 1015 1413 dixisse
1040 1345 1160 1413 dlcitur

377 1459 524 1524 Libertus
547 1477 625 1524 suae
647 1455 812 1541 patrdnae,
836 1456 870 1522 id
892 1477 953 1542 ego
975 1456 1048 1524 dieb
1070 1451 1172 1542 [tibi]:

376 1568 523 1634 Libertus
547 1568 645 1650 salve,
667 1568 787 1652 vapula
809 1567 948 1652 Papiria.

293 1823 335 1886 60
378 1870 415 1887 ..
441 1871 447 1885 .
471 1821 555 1905 quae
577 1841 637 1905 ego
661 1711 955 1906 populabdlprobe.

327 2068 548 2138 urseolus
571 2067 686 2136 Festus
709 2091 740 2155 p.
764 2067 834 2151 170,
857 2068 895 2132 21
913 2067 955 2132 Μ.
978 2075 1097 2153 nupta
1123 2065 1245 2132 verbs
1269 2063 1419 2129 diceban-

235 2192 284 2246 tur
304 2179 346 2246 ab
366 2179 517 2262 antiquis,
540 2198 623 2261 quae
645 2179 801 2262 virginem
824 2177 932 2244 dicere
955 2197 1016 2242 non
1040 2176 1169 2252 licebat,
1190 2181 1224 2240 ut
1239 2173 1372 2238 Plautus
1386 2172 1418 2237 in

235 2291 388 2374 Dyscolo:
411 2289 502 2373 virgo
522 2308 549 2354 e.
573 2309 603 2371 q.
625 2307 650 2353 s.

327 2414 637 2490 FAENERA'I'RIX
660 2415 761 2482 Varro
784 2415 824 2481 de
846 2415 866 2479 l.
889 2414 909 2479 l.
932 2413 1001 2491 Vll,
1018 2413 1059 2478 96
1076 2412 1116 2478 M.
1140 2411 1172 2476 in
1187 2409 1332 2495 pluribus
1348 2431 1421 2477 ver·
1506 2435 1509 2441 ¹

227 2524 277 2588 bis
300 2525 326 2586 A
351 2529 425 2587 ante
448 2521 474 2585 t}
498 2521 554 2588 alli
576 2526 710 2605 ponunt,
732 2522 791 2586 aui
813 2541 889 2599 non;
913 2527 947 2585 ut
970 2519 1056 2602 quod
1073 2520 1192 2604 purtim
1207 2521 1316 2586 dicunt
1331 2540 1420 2604 scep-

226 2639 318 2710 trum,
341 2632 459 2715 partim
482 2636 673 2712 scaeptrum‚
693 2631 750 2694 alii
767 2630 872 2695 Plauti
887 2629 1213 2714 Faeneratricem,
1229 2631 1286 2696 alii
1307 2631 1422 2694 Fene-

226 2741 420 2806 ratricem.
488 2739 641 2804 [Festus
664 2758 694 2821 p.
718 2739 789 2819 372,
813 2739 853 2801 22
870 2737 908 2800 Μ.
930 2740 1077 2821 vapula
1098 2737 1260 2821 Papiria
1292 2740 1322 2804 in
1351 2759 1421 2821 pro-

146 2921 149 2926 ,
226 2851 336 2917 verbio
355 2851 416 2916 fuit
437 2849 588 2931 antiquis,
612 2847 652 2912 de
675 2867 738 2930 quo
761 2847 893 2913 Sinnius
918 2846 1032 2932 Capito
1056 2849 1103 2914 sic
1125 2849 1232 2931 refert,
1266 2853 1334 2914 tum
1357 2847 1422 2913 dici

227 2961 354 3026 solitum
386 2978 468 3042 esse,
503 2979 573 3025 cum
605 2959 725 3024 vellent
758 2957 952 3023 minantibus
980 2956 1072 3035 [slibi
1099 2957 1281 3040 significare
1305 2977 1339 3023 se
1367 2977 1422 3022 eos

227 3069 397 3152 neglegere
424 3076 457 3133 et
482 3085 690 3149 uouemere,
718 3068 817 3133 fretos
846 3068 914 3133 iure
940 3066 1108 3132 libertatis.
1155 3067 1287 3133 Plautus
1310 3067 1343 3131 in
1360 3066 1419 3130 re-

226 3178 399 3243 neratrice:
432 3176 510 3241 heus
543 3183 576 3240 tu
610 3196 637 3241 e.
661 3195 738 3258 qs.
829 3175 861 3240 ll
884 3174 1058 3241 Diomedes
1087 3195 1117 3258 p.
1142 3176 1215 3256 401,
1236 3177 1256 3238 3
1279 3175 1318 3238 K.
1355 3193 1420 3268 po·

226 3288 317 3371 pulo
339 3286 386 3352 uit
409 3285 541 3352 Plautus
566 3284 599 3348 in
622 3283 840 3350 Feneratrice:
864 3304 947 3367 quae
970 3305 996 3350 e.
1019 3305 1049 3367 q.
1072 3304 1097 3350 s.

227 3529 255 3584 id
275 3533 316 3584 est
334 3547 368 3583 ex
385 3527 517 3582 odoribus
536 3526 654 3582 arabicis
672 3527 775 3589 confert
793 3525 909 3582 Kelllus.
948 3527 1047 3582 Versus
1068 3530 1111 3593 48,
1131 3529 1175 3597 49,
1194 3530 1229 3581 50
1247 3527 1329 3581 unlus
1349 3543 1422 3582 seae-

227 3642 278 3680 uae
296 3642 350 3680 esse
362 3625 496 3692 uidentur,
512 3624 542 3678 lu
555 3641 609 3692 qua
627 3623 700 3678 rur-iles
720 3641 737 3678 u
757 3624 918 3692 quibusdem
935 3625 1080 3680 inluditur.
1099 3641 1202 3680 uersum
1217 3627 1251 3678 49
1262 3625 1365 3679 locutus
1383 3628 1422 3678 est

226 3739 298 3777 untes
317 3721 349 3776 de
367 3722 423 3776 illis
444 3719 610 3798 ludentibus,
635 3737 727 3776 uersus
746 3723 781 3775 50
797 3721 877 3788 duem
895 3738 1008 3775 scaenae
1033 3706 1167 3792 desiccat}
1191 3721 1325 3792 proellum
1352 3720 1423 3774 euius

227 3817 378 3874 adludunt·
395 3835 453 3872 cum
471 3817 554 3872 milite
576 3817 732 3872 institutum
751 3818 845 3885 refero.

326 3930 382 3998 Ofr.
403 3929 552 3986 Menandri
571 3925 720 3990 Δύσκολος.
758 3933 792 3984 56
811 3931 893 4002 virgo
913 3949 973 3986 sum
993 3931 1051 3987 cod.
1069 3932 1150 4002 virgo
1164 3949 1216 4001 ego
1228 3948 1289 3985 sum
1298 3930 1422 3986 Bellias.

227 4027 260 4082 de
280 4027 366 4082 uerbis
388 4026 483 4096 nuptis
505 4025 633 4082 disseruit
659 4027 782 4082 Nuelu‘us
804 4028 834 4081 lu
862 4027 993 4096 serlonem
1017 4028 1166 4082 carminum
1190 4027 1292 4084 Valerii
1311 4026 1422 4082 Gutorsls

227 4123 344 4178 editione
358 4138 388 4190 p.
405 4126 448 4178 45.

327 4237 371 4292 De
386 4236 588 4292 Foeneretricis
608 4237 686 4294 titulo
703 4255 728 4294 0.
748 4237 890 4293 thseluelii
907 4238 1018 4308 Pursrq.
1035 4238 1124 4307 proed
1142 4254 1168 4306 p.
1184 4237 1268 4295 XXI.
1285 4293 1291 4304 ,
1337 4240 1371 4292 57
1390 4237 1423 4292 de
1470 4221 1472 4225 ’

228 4333 295 4390 heus
321 4349 382 4388 euru
407 4334 525 4390 necetius
543 4335 684 4390 muiuucto
700 4349 724 4388 u.
743 4335 893 4402 10090000
910 4331 1064 4404 ‘Reitrdqe'
1082 4351 1110 4403 p.
1129 4338 1189 4390 315.
1245 4337 1280 4390 58
1307 4334 1423 4390 libertus

228 4429 284 4484 cod.
304 4430 406 4486 liberte
423 4445 465 4498 oq.
489 4429 559 4499 quod
585 4446 618 4484 ec
645 4431 814 4498 sequentibus
841 4430 943 4486 liberta
964 4432 1038 4486 salve
1056 4431 1201 4500 repetitum
1219 4446 1274 4486 esse
1290 4432 1441 4499 proponit*

228 4526 384 4582 Muellerus.
422 4526 484 4580 ideo
503 4527 562 4582 eod.
582 4528 612 4582 id
631 4545 682 4598 ego
700 4543 772 4582 corr.
790 4527 919 4597 Sculiqer.
953 4534 1015 4596 post
1034 4528 1095 4583 dico
1113 4529 1211 4584 lacum
1224 4531 1322 4584 restet.
1359 4529 1421 4584 dico

229 4623 282 4678 tibi
299 4622 423 4692 Seellqer
441 4622 504 4678 dico
522 4624 635 4680 Atticae
654 4625 810 4682 Muellerus.
848 4627 883 4680 59
912 4625 1012 4680 liberta
1041 4625 1097 4682 cod.
1126 4625 1240 4680 libertus
1266 4626 1421 4680 Muellerus.

229 4722 264 4774 60
281 4737 368 4787 prove
388 4719 415 4772 A
426 4719 497 4774 ΒΜ
529 4721 616 4790 probe
629 4721 773 4790 Scioppius
791 4722 938 4776 Putsduius
956 4739 1075 4792 propere
1093 4741 1113 4782 ς.
