3626 5530
897 505 1076 575 -ca-

845 717 982 784 uxvm
1004 717 1055 801 (a.
1078 717 1132 800 49)

540 851 636 932 Cilix,
658 853 805 937 Lycisce,
833 853 938 934 Sosia,
962 852 1083 931 Sticho,
1106 853 1275 936 Pirmcno,
1322 935 1327 946 ι

539 961 634 1028 Exite
656 968 689 1028 et
710 963 789 1029 ferte
810 960 911 1030 fdsles
933 964 1042 1048 privos
1063 967 1097 1029 ln
1121 984 1226 1029 manu.

859 1122 1113 1204 fflfflfflw

537 1243 697 1311 medicum
721 1246 818 1313 babet
839 1248 978 1332 pelagus
1000 1248 1129 1313 morbus
1151 1247 1206 1313 aes

879 1405 973 1471 cxx
995 1360 1101 1486 (cesi

390 1538 452 1601 eoo
539 1567 577 1601 a
602 1540 656 1623 qur
680 1540 826 1607 aliaest
849 1540 1172 1624 repercussam.
1205 1515 1209 1524 ’

389 1879 444 1964 qui
468 1880 698 1949 mediocritatis
720 1853 799 1949 suae
820 1883 914 1949 obliti
935 1885 1059 1949 maiora
1081 1903 1116 1950 se
1142 1883 1224 1968 ipsis
1248 1883 1412 1968 adpetunt,
1447 1886 1587 1952 solemus

389 1990 495 2057 dicere
528 2012 590 2058 uon
626 1991 789 2059 continere
821 2013 856 2058 se
890 1995 973 2057 intra
994 1992 1177 2075 pelliculam
1199 2014 1304 2070 snam3
1327 1999 1359 2058 et
1382 1992 1443 2058 hoc
1464 1996 1589 2060 scilicet

390 2099 465 2165 inde
488 2107 650 2184 sumptum
674 2110 731 2185 est,
767 2101 852 2185 quod
875 2101 1023 2168 ductores
1057 2104 1088 2166 iu
1109 2102 1250 2186 pellibus
1273 2101 1459 2185 dormirent,
1495 2105 1589 2169 cuins

389 2210 435 2274 rei
468 2217 500 2275 et
532 2209 677 2275 Lucilius
708 2211 800 2275 testis
834 2217 883 2275 est
915 2230 987 2275 cum
1015 2208 1106 2276 dicit:
1143 2230 1201 2293 per
1224 2228 1250 2274 c.
1274 2229 1303 2292 q.
1327 2230 1350 2274 s.
1391 2216 1422 2275 et
1444 2211 1587 2286 Plantae,

390 2339 461 2383 cum
484 2318 525 2384 de
548 2338 611 2384 aun
635 2319 724 2384 ebria
746 2320 914 2396 moeretur,
940 2321 1001 2383 ait:
1023 2319 1056 2383 iu
1080 2338 1106 2384 e.
1130 2340 1159 2401 q.
1181 2338 1205 2384 s.

489 2452 630 2517 LXVllI
652 2453 756 2518 Acron
772 2453 815 2518 ad
830 2453 906 2517 Hor.
924 2452 1025 2517 Serm.
1047 2452 1088 2533 Il,
1112 2453 1142 2534 5,
1166 2454 1202 2515 ll
1229 2453 1378 2536 privum
1401 2461 1505 2517 autem
1530 2461 1584 2536 est,

390 2561 475 2645 qnod
501 2564 597 2628 unius
619 2568 683 2643 csl;
708 2561 792 2628 uude
815 2568 847 2628 et
869 2561 1086 2646 privilegium,
1112 2569 1146 2628 ut
1168 2561 1230 2628 boc
1247 2561 1429 2629 Plautinum
1452 2563 1584 2628 iudicet:

391 2671 477 2737 Cilix
502 2693 580 2755 eq.
605 2692 630 2738 s.

491 2806 601 2873 LXIX
639 2807 820 2872 Macrobius
855 2807 893 2886 V,
922 2808 971 2890 19,
998 2807 1033 2872 ll
1066 2806 1195 2872 omniuo
1215 2815 1323 2874 autem
1344 2808 1386 2874 ad
1418 2829 1485 2876 rem
1508 2808 1588 2893 divi-

393 2937 466 2981 nam
488 2918 642 3002 pleraque
667 2935 795 2980 neuen
827 2913 974 2981 adhiberi
998 2915 1094 2981 solita
1126 2917 1225 2982 multa
1252 2916 1372 2982 iudicio
1395 2925 1478 2999 snut,
1502 2924 1533 2983 et
1555 2919 1589 2982 iu
1634 2938 1640 2949 ·

390 3025 442 3090 his
465 3027 605 3090 maxime
628 3025 730 3089 sacris
754 3024 870 3106 quibus
893 3024 1030 3090 delinire
1052 3024 1180 3108 aliquos
1202 3030 1258 3090 aut
1278 3025 1436 3092 devovere
1458 3033 1515 3091 aut
1536 3025 1590 3092 de·

391 3134 488 3215 nique
510 3135 641 3218 exigere
664 3132 791 3199 morbos
814 3133 975 3199 volebant.
1010 3140 1101 3198 taceo
1125 3134 1206 3199 illnd
1232 3135 1418 3202 Plautinum
1441 3154 1512 3200 cum
1529 3137 1601 3220 ait:¹

349 3299 350 3302 ,
390 3264 515 3310 mecum
537 3264 564 3308 e.
589 3263 618 3326 q.
644 3263 668 3308 s.
699 3243 818 3307 Paulus
840 3242 876 3308 P.
900 3261 930 3326 p.
951 3243 1023 3322 221,
1044 3241 1116 3307 3Μ.
1139 3251 1309 3326 pelagus
1333 3244 1435 3309 morbi
1459 3265 1569 3328 genus.

487 3376 579 3442 LXX
613 3375 803 3444 'Priscianus
827 3377 842 3442 I
869 3397 901 3460 p.
924 3377 995 3459 293,
1019 3376 1057 3441 17
1074 3377 1111 3442 Η.
1151 3377 1190 3442 dc
1212 3378 1318 3444 datico
1338 3383 1367 3442 cl
1389 3379 1524 3446 ablativo
1545 3380 1590 3462 pl.

387 3486 751 3568 praeoccupationis
782 3501 880 3569 opens
913 3487 1046 3554 Plautus
1069 3488 1102 3551 in
1124 3486 1235 3553 Sticho
1255 3485 1335 3572 ‘ego
1358 3489 1403 3553 ibi
1424 3540 1430 3553 .
1449 3540 1455 3553 .
1473 3540 1480 3554 .
1498 3489 1589 3555 filiis’

391 3617 449 3681 pro
470 3597 647 3664 filiabus.
681 3597 789 3664 idem:
811 3598 868 3681 qui
890 3597 965 3662 talis
988 3615 1015 3660 e.
1036 3616 1066 3680 q.
1089 3615 1115 3661 s.

391 3955 460 3992 enne
479 3936 549 3994 haec
575 3938 665 3993 casui
681 3938 842 3994 iniecerunt.
870 3937 899 3992 in
922 3937 1003 4006 pellic
1023 3935 1078 3992 Mo.
1108 3936 1137 3992 iu
1155 3937 1274 4008 pellibus
1293 3937 1321 3994 R
1340 3937 1450 3992 inbellis
1469 3939 1590 3994 Botbius
1698 3930 1701 3934 ’

392 4035 545 4106 tegicnlnm
562 4035 741 4106 protenditur
761 4036 877 4090 Parcus.
928 4034 977 4103 cfr.
997 4033 1076 4088 Asin.
1095 4050 1119 4088 c.
1138 4037 1194 4088 530
1217 4033 1326 4088 ecastor
1344 4034 1424 4089 uobis
1453 4035 1590 4104 periclum

391 4134 419 4183 et
445 4130 569 4183 familiae
596 4129 784 4199 portenditur.
866 4128 918 4181 298
947 4128 1014 4182 cilix
1042 4129 1134 4183 liciace
1161 4110 1216 4182 edei
1243 4129 1329 4183 notice
1358 4147 1489 4198 parmeno
1516 4131 1590 4184 exite

391 4232 420 4281 et
439 4226 458 4282 f.
476 4226 495 4280 f.
515 4243 559 4296 pr.
579 4225 609 4279 iu
627 4244 663 4280 m.
682 4246 708 4295 γ.
728 4242 778 4280 om.
802 4225 858 4281 rell.
873 4225 970 4280 fusteia
996 4226 1101 4282 Porcus
1118 4224 1200 4278 fustis
1213 4225 1340 4279 Belbina.
1412 4227 1463 4279 291)
1482 4243 1589 4280 mecum

391 4323 468 4379 codd.
489 4323 626 4378 medicum
637 4321 822 4378 Baccbelcrns.
855 4322 1118 4393 patagneOcnternc
1135 4338 1191 4376 cnr.
1212 4323 1271 4377 lect.
1290 4322 1400 4390 Ipso.
1433 4339 1535 4393 pecguc
1564 4324 1591 4377 Ρ

391 4437 496 4490 peagus
524 4419 552 4475 R
586 4420 653 4489 qnid
675 4422 712 4475 ait
735 4423 854 4490 patugns
871 4422 911 4475 oei
930 4426 1033 4491 pelago
1056 4421 1209 4490 explicatur
1236 4421 1270 4474 nb
1298 4421 1398 4475 Alione
1414 4422 1517 4493 polypi.
1545 4426 1590 4491 68,

391 4531 467 4586 quem
477 4515 606 4571 Lucceius
620 4515 764 4571 Procirom.
776 4531 805 4586 p.
814 4520 872 4572 287
882 4517 1003 4571 adbibit:
1015 4514 1021 4532 ‘
1028 4522 1133 4586 pntnpo
1148 4521 1186 4570 eat
1195 4516 1362 4572 cameratio
1372 4519 1437 4583 oria,
1450 4517 1522 4586 qnod
1530 4535 1589 4573 cum

391 4613 562 4673 intumuerit,
578 4629 664 4681 pocae
683 4612 814 4682 eiiapncm
832 4609 922 4680 fncit‘.
952 4612 1077 4667 rasuras
1094 4613 1264 4667 morbosam
1277 4620 1308 4668 nt
1320 4615 1418 4684 palagi
1431 4615 1590 4683 iinterprcln·

390 4715 507 4764 meatum
521 4712 588 4766 tole:
610 4709 725 4763 morbus
737 4709 794 4763 oris
807 4725 821 4762 e
835 4709 980 4763 Plautinis
998 4710 1068 4764 eicit.
1133 4711 1186 4763 300
1198 4711 1266 4778 quin
1285 4709 1338 4764 GL
1351 4709 1488 4776 Quinlalis
1500 4710 1590 4780 Kqui
