3634 5534
748 493 923 544 -21-

240 652 338 728 berit'
365 661 451 729 Piae.
474 685 505 747 p.
530 665 580 743 12,
605 665 619 728 l
643 664 683 728 D.
726 662 898 729 aLoewio
921 662 1046 744 (Prodr.
1068 684 1099 749 p.
1122 665 1197 744 287)
1221 665 1333 732 Plauto
1361 668 1434 733 sub-

240 771 409 852 stitutosli.

338 882 473 948 Restant
494 883 643 966 denique,
666 903 707 949 ue
720 885 828 968 piures
851 880 1144 963 leute'enumerem
1166 890 1294 969 praeter
1313 884 1435 968 aliquot

237 1011 351 1058 versus
374 1011 416 1056 ex
437 991 556 1058 Isidori
579 991 779 1078 Originibus,
804 1013 922 1076 quosa
943 993 1046 1060 Pareo
1068 993 1242 1078 diiigenter
1264 999 1434 1078 congestos

238 1121 349 1166 omnes
370 1100 504 1167 Bothius
539 1102 691 1184 neglexit,
727 1101 792 1168 duo
825 1102 1007 1185 fragmenta
1038 1102 1097 1168 sub
1124 1102 1233 1168 Plauti
1265 1103 1435 1169 nominee

238 1211 411 1292 Fuigentio
436 1209 564 1286 tradita,
588 1229 671 1296 quae
693 1212 839 1293 quamvis
863 1210 1000 1276 dubiosa
1022 1213 1084 1278 sint
1106 1209 1274 1277 levissima
1294 1210 1433 1296 Fulgen·

237 1320 275 1384 tii
298 1318 361 1384 fide
383 1318 499 1392 innisa,
534 1325 640 1385 tamen
662 1319 789 1386 retinui.
830 1327 928 1403 atque
950 1321 1046 1386 etiam
1069 1340 1123 1386 eos
1145 1340 1267 1401 versus,
1290 1339 1371 1404 quos
1393 1340 1433 1387 ex

236 1428 426 1494 recentioris
442 1428 515 1494 aevi
533 1430 732 1514 scriptorum,
755 1434 789 1493 ut
803 1427 939 1501 Erasmi,
962 1428 1107 1507 Pontum,
1130 1428 1265 1494 aliorum
1281 1429 1433 1511 operibus

238 1537 390 1622 repetitos
413 1538 447 1602 in
468 1538 576 1605 Plauti
598 1537 794 1604 editionibus
818 1537 935 1611 inveni,
972 1537 1140 1622 exsoripsi.
1191 1555 1326 1621 quorum
1350 1557 1433 1604 unus

241 1655 273 1715 et
293 1649 372 1713 alter
395 1647 471 1714 lieet
494 1647 627 1714 haustus
658 1667 676 1713 e
706 1647 845 1714 fontibus
877 1669 962 1714 nuno
989 1647 1112 1713 obrutis
1134 1668 1209 1714 vere
1231 1647 1274 1714 ad
1306 1647 1433 1714 fabulas

239 1756 425 1839 deperditas
449 1758 619 1841 pertineat,
641 1759 769 1842 plurimi
792 1759 871 1840 quin
886 1759 967 1824 iaiso
992 1759 1024 1824 in
1046 1759 1297 1842 fragmentorum
1320 1757 1433 1824 ordine

237 1866 334 1948 positi
356 1868 431 1948 siut,
453 1865 586 1933 minime
609 1874 658 1932 est
679 1866 821 1932 dubium.

336 1975 523 2040 Vidulariae
546 1975 726 2060 fragmenta
749 1977 863 2058 adieci,
887 1997 1080 2059 quamquam
1105 1977 1213 2042 aliena
1232 1975 1336 2042 videri
1360 1995 1432 2058 pos·

237 2091 315 2148 sunt
337 2084 377 2148 ab
399 2084 457 2150 hae
481 2084 632 2168 editione,
657 2089 688 2150 in
704 2106 768 2167 qua
785 2088 813 2151 si
831 2086 987 2152 rationem
1001 2087 1197 2172 propositam
1215 2105 1326 2151 severe
1343 2106 1432 2152 exse-

241 2194 350 2274 queris
373 2202 491 2260 tantum
514 2195 622 2259 Plauti
644 2195 801 2278 reliquiae
825 2201 901 2278 quot
930 2202 1057 2260 exstant
1085 2202 1214 2278 praeter
1239 2194 1320 2258 XXI
1341 2193 1431 2260 fabu-

239 2303 287 2368 las
311 2301 524 2370 Varronieuas
557 2303 660 2370 iocum
691 2323 849 2387 occupare
872 2303 1019 2370 debeant.
1062 2323 1166 2386 neque
1189 2310 1296 2370 tamen
1317 2303 1432 2369 inutile

237 2411 400 2493 putohuio
414 2413 523 2478 libello
547 2433 587 2479 ea
609 2413 760 2494 inserere,
784 2415 901 2496 quibus
925 2413 1122 2480 commodius
1145 2413 1192 2480 uti
1216 2415 1319 2497 possis
1335 2433 1430 2496 quam

233 2521 448 2588 Studemundi
480 2521 672 2588 editionibus
699 2522 781 2605 (Iud.
812 2525 885 2588 leot.
909 2521 1148 2607 Grypbiswaid.
1174 2523 1255 2588 1870
1288 2530 1320 2590 et
1341 2522 1430 2588 ‘Ver-

234 2628 342 2694 bandi.
360 2630 418 2696 der
440 2631 585 2730 XXXVI
600 2629 1027 2714 Philologenversammlung
1049 2651 1087 2698 zu
1110 2629 1299 2698 Karlsruhe’
1326 2632 1431 2710 1883),

236 2759 316 2820 quae
338 2738 446 2806 adhue
461 2809 464 2818 .
478 2742 567 2806 solae
595 2748 731 2807 exstant.
777 2761 828 2808 me
860 2741 966 2826 ipsum
998 2741 1049 2806 his
1081 2739 1224 2822 reliquiis
1257 2740 1326 2806 fere
1348 2739 1431 2806 nihil

237 2848 307 2912 novi
328 2848 479 2915 attulisse
502 2849 603 2916 libere
625 2851 738 2916 fateor.

336 3050 361 3116 i)
380 3051 437 3105 Gir.
456 3051 642 3106 Bueohelerus
661 3052 731 3106 Mus.
752 3051 840 3106 Rhen.
859 3050 961 3105 XXXV
980 3069 1006 3120 p.
1019 3055 1079 3106 404.
1117 3051 1245 3106 Kettneri
1264 3051 1430 3106 sententiam

234 3146 263 3199 in
291 3146 398 3202 Piaoidi
428 3149 521 3218 glossa
545 3167 572 3218 p.
593 3151 635 3218 79,
654 3150 670 3201 3
690 3149 722 3201 D.
747 3150 878 3204 ‘Romam
902 3169 936 3204 ex
956 3149 1085 3218 aquilone
1104 3147 1185 3204 Raeti
1206 3148 1358 3218 attingunt,
1387 3149 1429 3202 vel
1557 3159 1560 3166 '

233 3244 412 3298 oonlimitant
431 3245 474 3299 vel
493 3245 595 3299 finibus
608 3263 637 3299 se
649 3247 708 3298 eius
721 3242 888 3316 adiungunt'
910 3245 1003 3300 Plauti
1017 3246 1205 3316 fragmentum
1221 3247 1309 3300 inesse
1322 3245 1429 3313 opinati

231 3337 374 3392 refutavit*
388 3337 516 3392 Loewius
535 3338 604 3394 Mus.
624 3337 711 3394 Rheu.
731 3339 820 3393 XXXI
840 3359 866 3410 p.
886 3342 929 3394 70.
989 3373 992 3380 ι
