3634 5534
918 499 1075 550 ..2-

393 667 434 734 de
456 668 639 734 fabularum
660 668 824 734 ordinibus
846 675 879 735 et
900 669 1013 750 titulis,
1036 668 1155 734 deinde
1176 669 1217 734 de
1238 671 1420 736 auctoribus
1435 673 1589 756 antiquis,

393 795 527 860 quorum
549 777 583 842 in
605 777 696 844 libris
720 779 898 862 fragmenta
920 785 1049 844 servata
1070 785 1153 859 sunt,
1175 780 1303 844 tertium
1327 797 1440 844 versus
1457 784 1511 863 qui
1529 783 1589 848 snb

393 884 500 950 Plauti
522 886 650 953 nomine
673 886 774 952 adlati
799 887 831 951 in
854 887 970 952 fabulis
983 887 1063 952 XXI
1078 885 1164 952 haud
1179 887 1337 969 leguntur,
1360 909 1473 953 omnes
1488 911 1587 972 quan·

393 1002 459 1060 tum
484 996 575 1080 potui
597 995 740 1079 digestos
763 1005 794 1062 et
817 995 1005 1063 emendatos
1027 997 1165 1063 ederem.

492 1307 572 1374 Cum
600 1308 729 1374 saeculo
758 1309 896 1391 septimo
924 1310 1053 1374 ineunte
1084 1309 1201 1375 studiis
1228 1312 1446 1393 grammaticis
1469 1311 1589 1375 Romae

391 1416 634 1484 florescentibus
657 1418 696 1484 de
731 1418 906 1484 comoediis
930 1418 1088 1484 Plautinis
1117 1419 1323 1502 quaestiones
1352 1421 1518 1486 instituere
1542 1419 1588 1484 in·

393 1534 567 1614 captarent,
592 1525 736 1593 homines
758 1527 893 1594 litterati
917 1526 1007 1590 inid
1031 1547 1172 1592 summas
1197 1547 1288 1593 curas
1312 1528 1526 1610 intenderunt,
1556 1535 1591 1592 ut

392 1638 473 1702 inter
509 1637 639 1702 fabulas
677 1638 814 1703 traditas
851 1657 1008 1720 quaenam
1041 1643 1149 1704 essent
1183 1638 1344 1720 genuinae
1376 1639 1588 1720 explorarent.

392 1744 575 1812 comoedias
600 1746 881 1830 vigintiquinque,
905 1767 985 1829 quas
1000 1767 1074 1812 vere
1086 1746 1253 1811 Plautinas
1269 1747 1411 1830 agnovit,
1433 1767 1450 1813 e
1474 1745 1590 1812 ceteris

392 1856 575 1938 segregavit
596 1855 708 1921 Aelius
731 1856 819 1934 Stilo,
843 1856 966 1922 similes
989 1856 1172 1922 fabularum
1196 1856 1319 1922 indices
1343 1864 1591 1939 composuerunt

391 1963 567 2047 Sedigitas,
592 1962 758 2040 Claudius,
781 1964 942 2046 Aurelius,
966 1964 1093 2040 Accius,
1117 1964 1284 2038 Manilius;
1314 1965 1474 2048 propriam
1501 1964 1588 2029 viam

391 2076 556 2157 ingressus
569 2073 670 2140 Varro
694 2080 822 2156 praeter
844 2092 938 2138 unam
954 2079 984 2138 et
1003 2075 1118 2157 viginti
1134 2073 1260 2139 fabulas
1276 2093 1432 2140 consensu
1448 2073 1589 2139 omnium

390 2183 506 2248 Plauto
536 2182 718 2248 vindicatas
751 2182 909 2266 quasdam
942 2183 1025 2248 alias
1061 2184 1210 2266 probavit
1235 2183 1394 2248 adductus
1417 2182 1471 2248 iilo
1494 2191 1590 2266 atquc

391 2291 512 2356 facetia
535 2293 692 2357 sermonis
714 2292 829 2356 Plauto
852 2293 1070 2374 congruentis,
1103 2293 1193 2358 cuius
1216 2292 1262 2358 rei
1290 2299 1402 2356 testem
1434 2291 1590 2356 habemus

393 2399 535 2467 Gellium
562 2401 594 2466 in
617 2403 655 2466 N.
679 2402 716 2467 Α.
741 2402 800 2482 ΙΙΙ,
823 2404 852 2466 3.
902 2401 935 2465 in
958 2402 1111 2468 Varronis
1140 2402 1261 2467 iudicio
1287 2407 1457 2485 sequentes
1485 2420 1589 2484 gram·

391 2510 499 2575 matioi
530 2517 565 2575 nt
592 2509 720 2576 videtur
741 2512 980 2594 acquieverunt,
1014 2530 1117 2594 neque
1140 2511 1277 2593 legimus
1301 2530 1492 2593 quemquam
1517 2515 1590 2596 post

390 2619 567 2684 Varronem
602 2619 636 2682 in
667 2618 750 2683 hanc
784 2621 1005 2701 quaestionem
1037 2619 1175 2685 studium
1207 2622 1391 2686 contulisse.
1437 2619 1589 2685 Varronis

390 2726 593 2808 praescripta
623 2745 694 2790 enm
725 2733 835 2793 tantae
861 2727 981 2792 suerint
1003 2726 1213 2802 auctoritatis,
1247 2735 1282 2792 ut
1305 2728 1379 2793 illae
1403 2749 1467 2793 una
1489 2736 1520 2794 et
1542 2730 1589 2793 vi·

390 2834 470 2918 giuti
505 2833 632 2898 fabulae
668 2852 725 2916 per
758 2840 921 2918 posterum
954 2841 1081 2918 tempus
1114 2853 1172 2917 pro
1194 2834 1345 2916 genuinis
1374 2841 1523 2917 receptae
1546 2834 1588 2898 ad

389 2945 474 3010 hunc
498 2942 582 3008 diem
605 2939 818 3022 servarentur,
842 2943 937 3009 valde
961 2945 1129 3027 probabile
1152 2951 1209 3018 est,
1241 2943 1338 3008 etiam
1363 2965 1380 3008 e
1402 2946 1518 3010 ceteris
1542 2944 1588 3008 la·
1612 3021 1614 3025 Ι

390 3053 473 3120 bulis
501 3053 727 3136 grammaticos
755 3054 949 3118 recentiores
978 3073 1033 3118 eas
1057 3052 1258 3135 potissimum
1283 3054 1474 3138 respexisse,
1507 3073 1589 3135 quae
1673 3135 1675 3148 Ι

389 3162 575 3228 aVarrone
598 3162 712 3227 Plauto
735 3169 826 3227 erant
848 3161 1008 3228 addictae.
1059 3162 1168 3244 itaque
1203 3181 1312 3228 earum
1345 3170 1471 3246 praeter
1506 3163 1587 3226 XXl

389 3270 581 3353 fabularum,
614 3292 749 3354 quarum
777 3273 964 3338 memoriam
989 3292 1046 3337 nos
1071 3273 1212 3337 relictam
1235 3271 1401 3354 habemus,
1432 3273 1587 3356 plurimas

391 3381 577 3448 interfuisse
612 3383 659 3446 illi
693 3383 873 3448 fabularum
905 3403 925 3447 a
959 3382 1101 3448 Varrone
1138 3383 1344 3468 probatarum
1378 3381 1484 3446 culini
1516 3402 1586 3447 cum

389 3489 566 3556 Ritschelio
600 3491 837 3558 consentientes
871 3490 957 3557 haud
991 3512 1011 3556 a
1038 3491 1175 3557 veritate
1197 3491 1427 3556 aberrabimus.
1483 3510 1587 3574 neque

389 3607 495 3666 tamen
527 3601 611 3666 ultra
642 3599 702 3668 hoe
734 3603 886 3684 generale
920 3603 1120 3684 propositum
1147 3600 1297 3685 progredi
1317 3600 1403 3666 licet.
1458 3620 1531 3664 nam
1554 3607 1587 3664 ut

389 3709 473 3775 inter
499 3709 626 3776 fabulas
655 3711 751 3778 etiam
779 3731 862 3776 nnnc
884 3711 1036 3777 adcurate
1056 3710 1263 3793 designemus
1283 3730 1349 3794 eas,
1383 3730 1463 3792 quas
1486 3709 1585 3773 Varro

388 3817 546 3902 genuinas
568 3839 689 3902 easque
704 3839 785 3903 quas
800 3820 1029 3910 supposititias
1045 3819 1244 3899 iudicaverit,
1267 3819 1347 3884 satis
1363 3827 1450 3884 certa
1467 3817 1584 3882 indicia

388 3927 480 3992 nobis
499 3946 562 3992 non
584 3932 658 3992 sunt
677 3931 814 4010 praesto.
858 3946 952 4008 quam
975 3927 1162 3992 adcuratam
1191 3925 1431 3991 distinctionem
1442 3922 1583 3990 Ritsohc·

389 4035 452 4102 lius
480 4033 633 4118 perficere
659 4041 792 4101 conatus
821 4042 881 4102 est:
912 4035 1018 4101 Servii
1048 4036 1218 4102 verborum
1242 4028 1334 4100 ‘nam
1358 4034 1506 4099 Plautum
1528 4030 1585 4098 alii

389 4143 499 4240 dicunt
522 4165 618 4210 unam
642 4151 675 4209 et
696 4144 813 4227 viginti
835 4144 962 4211 fabulas
985 4145 1167 4228 scripsisse,
1196 4144 1254 4210 alii
1278 4142 1502 4228 quadraginta,
1528 4142 1587 4206 alii

389 4251 529 4319 centum’
562 4253 660 4319 etiam
692 4254 749 4319 illa
785 4251 860 4318 ‘alii
893 4251 1123 4337 quadraginta'
1156 4254 1199 4319 ad
1232 4254 1409 4318 Varronem
1446 4249 1587 4318 referens

388 4361 590 4446 undeviginti
613 4363 734 4429 fabulis
758 4362 870 4429 electis
893 4365 1027 4429 alterum
1054 4365 1235 4429 fabularum
1248 4361 1519 4426 Varronianarum
1538 4379 1586 4423 or·

388 4470 496 4538 dinem
530 4473 716 4539 construxit.
771 4473 829 4540 sed
853 4473 1048 4539 Ritschelius
1083 4475 1151 4557 ipsc
1180 4472 1344 4552 professus
1372 4477 1436 4551 est,
1465 4475 1586 4534 certum

389 4580 545 4646 iudicium
576 4581 616 4646 de
643 4580 757 4665 paucis
785 4588 907 4646 tantum
929 4581 1047 4646 fabulis
1071 4581 1207 4665 proferri
1229 4600 1334 4664 posse.
1379 4597 1483 4660 neque
1506 4576 1586 4641 mihi

390 4692 588 4774 propositum
612 4705 661 4756 cst
684 4693 715 4755 in
729 4690 895 4756 Ritschelii
919 4691 1170 4774 disputationem
1194 4689 1312 4755 invehi.
1357 4708 1453 4753 unum
1474 4694 1582 4752 tamen
