3626 5530
728 519 905 572 ..75-

778 692 805 757 L
823 692 840 757 l

369 801 483 894 Neque
505 822 566 886 ego
590 801 633 867 ad
658 692 980 885 mensamlpiiblicas
1001 821 1052 870 res
1076 801 1179 868 clamo
1202 820 1307 885 neque
1330 801 1417 885 leges

622 930 729 993 crepo.

784 1027 857 1094 LIV

370 1137 412 1202 lut
434 1135 494 1217 ego
517 1143 548 1203 te
569 1139 766 1206 conculcabo
788 1145 824 1206 ut
845 1158 900 1205 sus
922 1135 1047 1204 catulds
1070 1157 1154 1204 suos.

791 1265 847 1332 LV
922 1317 927 1332 .

371 1423 378 1437 .
403 1425 409 1439 .
431 1425 437 1438 .
461 1373 546 1468 hunc
568 1395 747 1442 sermonem
767 1374 879 1441 institi.

713 1511 785 1576 LVI
800 1511 846 1592 (B.
867 1513 922 1590 32)

222 1617 284 1680 285
376 1624 546 1703 properate
569 1619 739 1706 prandium

698 1729 787 1795 LVII
810 1730 861 1811 (B.
883 1731 939 1812 42)

372 1857 487 1921 corpus
509 1843 598 1904 tuum
621 1841 721 1923 virgis
745 1840 859 1906 ulmeis
883 1839 1057 1905 inscribam

323 2063 399 2130 LIII
434 2063 566 2132 Plenior
581 2073 747 2134 comment.
765 2065 910 2134 Servian.
926 2065 970 2133 ad
992 2067 1070 2132 Aen.
1088 2068 1103 2132 I
1121 2088 1150 2131 v.
1167 2065 1227 2131 738
1250 2065 1421 2149 increpi-

198 2182 327 2257 tans,
356 2174 557 2243 inclamans.
575 2229 581 2242 .
598 2225 629 2241 ..
652 2184 708 2243 aut
741 2184 827 2243 certe
859 2194 999 2258 arguens
1022 2175 1225 2241 familiariter
1248 2173 1420 2256 segnitiem

225 2282 315 2348 tarde
340 2281 540 2367 accipientis,
578 2306 649 2350 cum
675 2291 763 2352 esset
784 2283 899 2350 avidus
924 2284 958 2350 in
981 2265 1128 2350 bibendo.
1169 2279 1255 2372 [nam
1275 2283 1420 2366 sequitur

222 2385 298 2458 ‘ille
320 2391 485 2476 impiger'.
507 2390 621 2458 melius
643 2400 750 2459 tamen
773 2393 950 2477 accipimus
972 2393 1061 2459 clara
1084 2413 1160 2460 voce
1183 2391 1354 2466 hortatum,
1387 2395 1422 2456 ut

225 2502 374 2568 Plautus:
397 2520 501 2584 neque
524 2523 550 2569 e.
574 2522 604 2586 q.
627 2497 665 2590 s]

323 2611 396 2676 LIV
431 2611 560 2677 Plenior
582 2619 750 2677 comment.
784 2611 931 2678 Servian.
959 2611 1002 2677 ad
1024 2613 1101 2678 Aen.
1127 2613 1158 2678 II
1182 2632 1211 2676 v.
1234 2611 1295 2676 357
1318 2615 1421 2676 catu-

227 2719 344 2801 lique,
369 2740 448 2787 sune
473 2720 571 2786 eatuli
595 2741 658 2786 non
682 2721 785 2786 solum
808 2741 921 2786 canum
944 2719 1003 2786 sed
1025 2727 1057 2786 et
1079 2727 1271 2805 serpentum,
1298 2727 1332 2785 ut
1348 2719 1423 2814 '‘ant

226 2830 348 2896 catulos
371 2831 464 2896 tectis
486 2836 542 2895 aut
564 2849 626 2895 ova
646 2830 856 2913 relinquens'.
891 2830 1026 2896 Planius
1047 2831 1144 2896 etiam
1167 2849 1272 2895 suum:
1307 2835 1339 2895 et
1361 2848 1422 2913 ego

224 2958 252 3004 c.
275 2958 306 3022 q.
331 2960 357 3006 s.

324 3049 380 3114 LV
413 3049 541 3114 Plenior
573 3054 740 3114 comment.
774 3048 918 3115 Servian.
953 3048 996 3114 ad
1030 3049 1109 3114 Aen.
1138 3047 1183 3114 IV
1214 3070 1245 3114 v.
1270 3049 1331 3113 533
1365 3047 1423 3112 in-

225 3160 414 3226 sistit...
438 3165 495 3223 aut
516 3157 638 3224 insistit
660 3159 816 3241 volutare,
839 3165 894 3223 aut
918 3157 1039 3225 insistit
1065 3159 1231 3242 proposito
1253 3153 1422 3222 moriendi.

225 3268 357 3334 Plautus
379 3275 486 3334 tamen
508 3269 553 3333 ita
575 3268 634 3332 ait:
658 3263 743 3333 hunc
765 3287 791 3333 e.
814 3286 844 3350 q.
867 3288 893 3332 s.
1179 3263 1180 3268 ’
1203 3345 1205 3350 Ι

329 3377 401 3442 LVI
438 3375 569 3441 Plenior
596 3381 763 3442 comment.
790 3374 933 3442 Servian.
968 3377 1010 3442 ad
1033 3378 1113 3442 Aen.
1136 3376 1185 3441 IX
1207 3393 1236 3440 v.
1259 3377 1320 3441 399
1343 3375 1423 3459 pnl-

225 3488 354 3552 chram
382 3506 409 3551 e.
430 3507 459 3569 q.
481 3506 506 3550 s.
544 3493 600 3550 aut
622 3483 714 3551 deest
743 3483 859 3552 ‘adire'
893 3492 950 3551 aut
984 3484 1077 3552 deest
1102 3483 1188 3568 ‘ad³,
1221 3493 1256 3552 ut
1288 3485 1331 3552 eit
1351 3477 1422 3550 '‘ad

225 3602 359 3661 mortem
374 3595 555 3679 properet‘;
576 3600 633 3660 aut
648 3601 734 3660 certe
754 3596 887 3678 antique
907 3593 1077 3679 ‘properet
1092 3595 1255 3677 mortcm‘,
1277 3600 1313 3660 ut
1328 3593 1421 3660 Plau-

226 3712 277 3771 tus
297 3697 485 3788 ‘properate
508 3699 699 3787 prandium'.
803 3704 1001 3788 Philargyrii
1031 3710 1197 3770 comment.
1231 3702 1274 3768 ad
1305 3704 1422 3787 Georg.

227 3813 273 3877 IV
294 3833 322 3879 v.
348 3813 407 3877 170
428 3813 606 3888 fulmina3
641 3813 775 3878 fulmina
798 3821 970 3897 properant
998 3819 1123 3880 vetuste
1153 3815 1209 3896 ait,
1233 3819 1267 3878 ut
1289 3813 1421 3879 Plautus

223 3920 413 4006 ‘properant
435 3922 628 4007 prandium'.

327 4031 415 4096 LVII
451 4032 583 4098 Servius
605 4029 648 4098 ad
674 4032 753 4096 Aen.
776 4032 792 4097 1
813 4052 843 4097 v.
866 4032 927 4098 478
950 4032 1186 4100 inscribitur
1218 4032 1421 4110 dilaceratur,

227 4148 262 4207 ut
284 4139 431 4206 Plautus:
455 4159 569 4224 corpus
592 4159 618 4206 c.
642 4159 672 4223 q.
696 4159 719 4206 s.

230 4353 346 4421 potitust
362 4351 466 4406 habrus
480 4351 561 4406 cubit
576 4351 720 4421 deplicatur
734 4350 808 4406 Stud.
829 4351 923 4407 Plorat.
940 4369 970 4420 p.
981 4355 1027 4406 20.
1100 4353 1152 4405 282
1171 4351 1208 4406 ad
1220 4350 1324 4408 Militis
1336 4351 1396 4415 111,
1408 4357 1423 4408 1

229 4449 282 4504 oiri
301 4449 373 4504 docti
391 4447 559 4504 rettulerunt.
578 4449 627 4515 cfr.
649 4447 791 4502 Ritscbctii
813 4447 908 4502 adnot.
980 4449 1033 4504 ‘283
1057 4448 1106 4514 cfr.
1125 4465 1152 4516 p.
1173 4452 1215 4502 18.
1288 4450 1339 4504 285
1359 4467 1423 4519 pro·

227 4551 323 4616 perate
341 4546 413 4601 Sero.
432 4549 585 4614 properant
603 4545 773 4616 Pbr'lcrqpr„
792 4545 863 4614 quod
881 4547 978 4614 recepit
997 4547 1123 4608 Batitas,
1142 4546 1189 4616 qui
1205 4547 1290 4601 sotum
1310 4547 1421 4604 Philar-

227 4643 300 4714 9yrt'i
327 4642 508 4698 testimonium
528 4643 628 4697 attulit.
701 4645 753 4698 286
772 4643 934 4698 inscribitur
953 4642 981 4708 O,
1014 4645 1062 4713 qui
1080 4643 1196 4698 Plautus
1213 4643 1310 4697 omisit.
1333 4643 1374 4698 itu
1391 4645 1424 4712 fii

227 4741 361 4796 saturius.
395 4729 546 4795 inscribam
574 4738 661 4809 virgis
688 4739 786 4794 ulmeis
815 4741 914 4809 corpis
933 4744 1013 4794 tuum
1047 4739 1172 4796 Botbias.
1221 4739 1271 4806 cfr.
1299 4745 1424 4810 coapata
