3634 5534
749 512 923 564 „11-

240 681 402 746 Romanos
425 676 504 745 usns¹
524 676 573 746 est
583 677 618 761 1)‚
651 681 778 746 conlato
814 699 884 746 cnm
913 681 952 746 iis
983 680 1127 764 partibus
1157 699 1240 763 quae
1264 682 1359 749 Caeci
1383 685 1434 748 vel

240 789 442 855 Praedonem
458 807 569 854 versus
592 787 763 864 contiuent
785 789 882 855 facile
905 809 1061 873 agnosces
1082 789 1141 855 bos
1157 811 1268 858 versus
1292 792 1376 858 baud
1391 792 1434 858 ad

240 917 439 965 communem
463 897 551 964 illum
573 898 693 963 iontem
717 897 736 962 i.
759 917 786 963 e.
832 897 929 981 Capri
951 918 1033 981 opus
1056 898 1171 964 redire.
1213 901 1299 984 quod
1321 901 1363 968 ad
1382 901 1434 967 de·

239 1007 480 1074 monstrandum
503 1006 564 1072 hoc
586 1028 684 1073 unum
708 1009 889 1092 exemplum
913 1008 1010 1072 valet:

275 1141 379 1196 Charis.
403 1139 634 1209 (1‚1c)p.109‚
665 1139 697 1192 10
732 1139 812 1209 plure
896 1137 1000 1194 Charis.
1020 1139 1063 1204 (Il,
1086 1140 1130 1208 13)
1155 1159 1181 1210 p.
1203 1141 1264 1206 211,
1289 1143 1323 1195 27
1350 1144 1435 1199 Plure

239 1243 288 1294 aut
297 1239 404 1292 minore
416 1241 539 1306 emptum
553 1237 661 1305 antiqui
673 1235 810 1292 dicebant.
860 1235 973 1290 Plautus
992 1237 1021 1289 in
1035 1237 1121 1292 Caeco
1138 1239 1181 1292 vel
1201 1237 1230 1291 in
1243 1237 1434 1297 Praedonibus

239 1336 334 1390 Oicero
370 1332 466 1402 ‘plure
499 1329 586 1388 veuit'
623 1337 652 1388 et
688 1333 812 1388 Lucilius
860 1327 955 1400 ‘pluro
977 1334 1065 1389 altero
1084 1339 1163 1390 tanto
1177 1339 1281 1403 quanto
1295 1334 1353 1388 eius
1373 1333 1434 1388 fun·

237 1429 333 1502 ‘plure
352 1430 426 1485 ionas
446 1427 592 1484 vendunt'.
633 1430 681 1484 sed
700 1447 811 1486 consue·
860 1429 911 1493 dus
932 1426 1087 1486 estvelim'.
1118 1431 1211 1486 Cicero
1222 1427 1434 1500 quoque‘plure

239 1527 306 1582 tudo
325 1527 414 1597 pluris
433 1530 461 1580 et
479 1526 594 1580 minoris
613 1526 689 1580 dicit.
860 1521 947 1578 venit‘
959 1523 1084 1580 Lucilius
1102 1525 1196 1598 ‘plure
1219 1528 1293 1584 foras
1311 1528 1435 1584 vendunt

862 1624 937 1690 quod
955 1641 1006 1692 pro
1026 1625 1134 1679 minore
1153 1627 1290 1696 emptum’
1313 1625 1433 1694 antique.

239 1753 294 1812 aut
330 1745 472 1810 fabulam
508 1747 611 1829 ipsam
645 1745 786 1828 inspexit
819 1746 990 1826 Romanus,
1033 1747 1065 1812 id
1093 1747 1185 1830 ¹quod
1220 1746 1434 1830 Ritsoheiio2)

240 1856 371 1938 placuit,
398 1861 454 1920 aut
475 1854 546 1920 illos
568 1853 679 1920 decem
702 1874 812 1920 versus
838 1855 935 1920 alicui
969 1858 1092 1922 auctori
1115 1855 1237 1939 debuit,
1269 1857 1309 1924 de
1342 1859 1433 1924 cuins

238 1971 346 2032 aetate
369 1964 552 2046 studiisque
574 1963 619 2028 nil
642 1962 721 2029 certi
744 1965 881 2046 proferri
911 1972 1026 2048 potest.
1074 1966 1151 2031 mihi
1169 1967 1339 2033 Ritsohelii
1363 1987 1433 2032 sen·

241 2075 342 2140 tentia
361 2075 528 2138 veritatem
549 2072 687 2156 adsequi
709 2073 845 2139 videtur.
880 2075 960 2138 talia
982 2077 1066 2140 enim
1090 2075 1197 2155 verba,
1220 2076 1333 2159 qualia
1354 2077 1433 2160 legi·

243 2203 312 2249 mus
334 2203 364 2266 p.
388 2185 457 2266 202,
489 2185 530 2247 30
561 2178 680 2250 ‘invito
708 2190 743 2249 ut
764 2185 847 2250 falso
868 2185 1003 2252 Plautus
1026 2185 1069 2250 in.
1084 2185 1187 2253 Caeco
1210 2187 1262 2254 vel
1286 2188 1317 2252 in
1340 2186 1434 2250 Prae·

243 2293 377 2359 donibus
398 2285 524 2374 “neque
540 2311 610 2358 eam
627 2292 727 2360 invito
743 2314 763 2358 a
778 2313 832 2359 me
843 2314 992 2378 umquam
1009 2287 1182 2380 abduces'',
1204 2297 1290 2379 quod
1313 2295 1434 2362 idcirco

241 2402 350 2486 putavi
373 2400 585 2482 tractandum,
608 2401 685 2483 qnia
708 2422 839 2469 numero
863 2394 995 2486 plurali'
1017 2424 1043 2469 e.
1066 2424 1095 2487 q.
1114 2425 1138 2470 s.
1163 2404 1308 2471 indicare
1322 2404 1432 2470 viden-

238 2517 288 2576 tur
322 2509 437 2576 Iulium
472 2511 649 2576 Romanum
683 2511 767 2576 hunc
797 2532 923 2578 versum
957 2513 1107 2579 stabula
1138 2514 1212 2597 ipsa
1245 2515 1431 2598 sumpsisse.

238 2621 344 2684 minus
364 2621 471 2691 refert,
501 2620 587 2703 quod
609 2640 640 2703 p.
663 2622 776 2694 ale-9
801 2614 966 2686 ‘sedulum
985 2622 1118 2688 Plautus
1141 2623 1173 2689 in
1198 2623 1302 2690 Caeco
1326 2625 1376 2689 vel
1400 2625 1431 2688 in

219 2727 460 2795 ·Praedonibus
488 2723 608 2795 “velim
631 2736 661 2795 te
682 2731 833 2796 arbitrari
856 2721 996 2796 iactum'
1030 2732 1240 2816 respondetur·
1269 2731 1432 2800 “sedulum

239 2845 298 2919 est,
321 2845 560 2905 summoventur
575 2838 692 2921 hostes,
716 2845 918 2906 removentur
933 2832 1074 2924 lapides'
1096 2861 1304 2925 personarum
1327 2842 1431 2908 distri-

240 2946 329 3012 butio
354 2945 537 3030 significata
559 2955 620 3027 est,
661 2947 745 3014 unde
778 2967 840 3013 non
870 2955 957 3014 certo
980 2948 1118 3016 efficitur
1139 2951 1317 3018 Romanum
1345 2952 1436 3045 fabu-¹

238 3056 303 3122 lam
326 3056 430 3140 ipsam
458 3057 649 3139 inspexisse.
705 3055 789 3122 idem
825 3057 987 3125 invenitur
1010 3080 1040 3142 p.
1066 3059 1134 3139 198,
1167 3062 1207 3123 22
1241 3061 1273 3126 in
1309 3059 1432 3134 Titinii,

239 3185 270 3247 p.
295 3165 366 3240 204,
392 3166 408 3230 1
433 3172 464 3230 et
488 3165 559 3240 207,
584 3167 623 3229 10
645 3166 678 3230 in
702 3165 826 3230 Afranii
848 3168 1006 3234 versibus.

339 3273 514 3340 Diomedes
536 3294 648 3340 versus
672 3274 801 3340 exhibet
824 3275 1016 3343 Corniculae
1039 3299 1070 3362 p.
1093 3280 1233 3358 38315
1257 3284 1289 3344 ct
1310 3259 1431 3344 Faene-

239 3383 366 3448 ratricis
401 3404 432 3467 p.
453 3385 525 3463 401,
558 3386 587 3462 5,
622 3384 740 3450 deinde
772 3391 837 3452 tres
865 3385 1006 3452 incertos
1041 3407 1092 3472 pp.
1114 3389 1184 3467 345,
1218 3388 1251 3462 4;
1285 3388 1356 3468 368,
1379 3389 1433 3464 25;

240 3493 311 3568 458,
335 3494 384 3557 25.
431 3493 487 3575 qui
510 3513 620 3560 omnes
639 3500 767 3577 praeter
787 3515 883 3560 unum
913 3495 957 3578 (p.
978 3497 1051 3570 458,
1074 3496 1128 3578 25)
1154 3497 1250 3562 iniis
1273 3497 1433 3579 capitibus

239 3608 376 3674 exstant,
410 3621 492 3685 qnae
515 3601 611 3668 Probi
645 3603 788 3669 frustulis
821 3604 953 3687 impleta
986 3623 1057 3670 esse
1091 3611 1225 3680 constat,
1259 3605 1329 3670 sive
1361 3625 1432 3670 cum

240 3711 346 3778 Keilio
356 3712 381 3791 3)
398 3710 557 3776 consentis
575 3710 764 3777 Diomedem
779 3713 918 3778 Probum
934 3715 1037 3796 ipsum
1053 3713 1256 3796 compilasse,
1276 3714 1345 3780 sive
1360 3734 1431 3779 cum

240 3818 415 3899 Christioll
438 3821 677 3904 Steupioquoii,
710 3821 794 3903 aliis,
827 3830 861 3888 ut
891 3823 1006 3905 Capro,
1042 3822 1312 3890 intercedentibus
1334 3824 1432 3893 Probi

241 3929 352 4011 copias
376 3930 409 3994 in
432 3929 520 3996 illius
543 3929 643 3996 libros
659 3928 800 3996 fluxisse.
835 3932 943 4014 itaque
967 3931 1026 3997 boc
1041 3952 1167 4015 quoque
1183 3932 1253 4000 loco
1277 3933 1321 3998 ad
1335 3933 1432 3999 Probi

240 4038 349 4104 studia
373 4039 523 4104 Plautina
545 4038 703 4104 reicimur.

295 4227 437 4234 -Ἀ

341 4343 367 4410 1)
387 4343 442 4398 cfr.
463 4343 576 4399 Christii
595 4345 853 4400 commentationem
876 4345 975 4399 Philol.
995 4343 1087 4397 XVIII
1105 4361 1130 4412 p.
1154 4345 1201 4396 121
1222 4363 1280 4414 sqq.

339 4440 366 4508 2)
385 4439 498 4510 Parerg.
518 4459 545 4510 p.
566 4443 626 4498 157.

339 4535 368 4606 3)
385 4536 479 4590 Graiu.
498 4539 548 4592 lat.
565 4538 579 4591 I
598 4537 686 4607 praei.
705 4557 733 4608 p.
752 4538 789 4592 LI
807 4555 866 4608 sqq.

339 4631 485 4702 4)Phi101.
507 4633 599 4688 XVIII
618 4653 645 4704 p.
669 4636 728 4688 129.

339 4729 368 4799 5)
387 4729 428 4786 De
447 4731 546 4787 Probis
564 4749 591 4802 p.
610 4735 662 4787 190
679 4749 738 4802 sqq.
