3634 5534
446 963 766 1042 FABVLARVM
794 967 1191 1044 nnrnnnlnnnvn
1220 967 1538 1050 FRAGMENTA

861 1265 1124 1336 nuflnnrsnlo

544 1482 649 1560 Quium
673 1479 733 1567 ego
756 1490 846 1550 tanta
869 1379 1044 1569 pauperlavi
1066 1486 1124 1571 per
1145 1484 1254 1552 dolum
1273 1485 1419 1570 pecuinis.

980 1595 1012 1661 Il

543 1727 583 1764 „s
609 1721 725 1784 panem
747 1709 780 1768 et
801 1705 974 1788 polentam,
996 1705 1115 1787 riuum,
1138 1705 1321 1772 murrinam.

886 1857 1106 1926 ADDIGTVS

544 1965 635 2051 Opus
657 1967 764 2033 ficere
787 1968 886 2033 nimio
910 1969 1005 2050 quim
1030 1970 1168 2037 dormire
1193 1975 1333 2038 mavolo:

545 2065 717 2143 veternum
741 2082 857 2142 metuo.

495 2260 756 2327 AOHARIS'PIO
794 2262 955 2328 INonius
979 2283 1010 2346 p.
1025 2265 1094 2343 157,
1117 2264 1190 2328 ΒΜ.
1215 2271 1455 2350 pauperavit
1484 2269 1518 2335 id
1545 2279 1595 2336 est

395 2387 571 2455 pauperem
600 2370 688 2436 facit.
734 2370 865 2437 Plautus
888 2371 922 2436 in
946 2371 1048 2438 Milite
1070 2375 1226 2456 glorioso:
1249 2393 1332 2458 quae
1356 2395 1381 2442 e.
1396 2397 1425 2461 q.
1439 2399 1464 2446 s.
1509 2380 1593 2446 idom

394 2481 485 2563 (itern
506 2481 606 2561 codd.)
623 2479 838 2546 Acaristione:
862 2501 957 2564 quarn
973 2501 1000 2547 e.
1012 2503 1041 2566 q.
1053 2503 1077 2548 s.
1123 2485 1155 2548 ΙΙ
1177 2484 1302 2552 Plinius
1327 2486 1399 2552 Nat
1420 2487 1503 2554 Hist.
1517 2487 1594 2554 nlv

395 2590 435 2654 92
458 2587 642 2656 lautissima
664 2587 751 2673 apud
774 2590 898 2672 priseos
921 2590 998 2656 vina
1021 2599 1112 2658 erant
1135 2585 1316 2678 myrrhae
1338 2587 1436 2661 odore
1453 2597 1594 2680 condito,

394 2705 429 2765 ut
450 2704 586 2783 apparet
608 2699 643 2764 in
668 2694 773 2766 Plauti
796 2700 906 2766 fabula
928 2719 1012 2784 quae
1035 2702 1135 2769 Persa
1170 2705 1365 2788 inscribitur,
1401 2719 1594 2790 quemqnam

396 2810 428 2874 in
451 2816 544 2874 caet
568 2810 725 2875 calamum
748 2808 824 2875 addi
850 2811 947 2876 iubet.
993 2810 1066 2878 ideo
1089 2811 1219 2894 quidam
1234 2816 1403 2881 aromatite
1418 2813 1594 2882 delectatos

395 2919 534 2983 maxime
556 2918 700 2984 credunt.
744 2918 803 2984 sed
827 2918 948 2984 Fabius
970 2920 1157 2987 Dossennus
1185 2920 1235 2987 his
1262 2924 1410 2988 versibus
1439 2925 1593 2991 decernit:

395 3024 560 3094 mittebam
589 3048 615 3094 e.
629 3050 659 3111 q.
670 3048 695 3094 s.
719 3034 750 3094 et
784 3029 817 3093 in
846 3022 1085 3094 Acharistione:
1110 3041 1226 3114 pauetn
1250 3047 1277 3096 e.
1290 3048 1319 3113 q.
1335 3049 1359 3096 s.
1405 3029 1594 3097 Scaevolam

395 3156 522 3223 quoque
545 3138 577 3203 et
600 3135 636 3202 L.
659 3134 786 3203 Aelium
814 3142 846 3202 et
868 3136 995 3202 Ateium
1020 3136 1208 3222 Capitonem
1235 3142 1267 3204 in
1295 3135 1409 3204 eadem
1435 3139 1594 3224 sententia

395 3248 496 3313 fuisse
526 3245 633 3327 video,
665 3247 820 3330 quoniam
850 3245 883 3311 in
905 3245 1067 3312 Pseudolo
1093 3247 1150 3312 sit:
1179 3247 1266 3330 quod
1292 3249 1320 3313 si
1343 3268 1371 3313 e.
1386 3269 1415 3330 q.
1428 3267 1453 3313 s.
1477 3248 1593 3330 quibus

395 3363 532 3440 apparet
554 3376 618 3421 non
640 3357 723 3421 iuter
747 3355 823 3420 vina
847 3355 941 3420 modo
965 3357 1148 3432 murrinam,
1173 3355 1230 3422 sed
1249 3358 1330 3422 inter
1345 3356 1453 3423 dulcia
1467 3376 1594 3440 qnoque

396 3467 602 3532 nominatum.

494 3574 713 3640 ADDIOTVS
757 3572 881 3639 Gellius
910 3575 1022 3656 111,3,
1047 3574 1086 3637 14
1116 3572 1174 3638 sed
1209 3575 1295 3640 euim
1327 3572 1529 3641 Saturionem
1562 3581 1596 3641 et

395 3683 605 3750 Addictum
625 3690 657 3749 et
678 3683 805 3750 tertiam
829 3681 1002 3766 quandam,
1036 3683 1125 3748 cuius
1150 3703 1233 3749 nuno
1269 3683 1348 3749 mihi
1382 3705 1498 3750 nomen
1527 3685 1595 3750 'nou

397 3794 550 3878 suppetit,
575 3795 608 3858 in
631 3792 768 3877 pistrino
791 3811 864 3857 eum
887 3791 945 3874 (so.
959 3792 1121 3874 Plautum)
1144 3794 1311 3877 scripsisse
1324 3794 1425 3859 Varro
1446 3799 1478 3860 et
1499 3793 1594 3877 plori-

396 3923 459 3987 que
480 3903 538 3970 alii
561 3901 734 3969 memoriae
754 3900 964 3968 tradiderunt.

495 4087 692 4143 Acharistione
712 4087 799 4143 Plinii
822 4087 899 4142 codd.
919 4089 1083 4143 acaristione
1107 4087 1196 4143 Nouii
1212 4087 1285 4143 codd.
1302 4094 1413 4157 praeter
1431 4089 1595 4157 Leidensem,

397 4185 444 4256 qui
462 4184 631 4240 aearistudio
650 4183 763 4239 exbibet.
783 4201 806 4238 u.
818 4182 1086 4253 RitsobeiiiPorurp.
1095 4200 1126 4253 p.
1138 4187 1199 4238 105.
1246 4189 1259 4238 1
1281 4202 1395 4253 ecquam
1408 4185 1596 4256 Quicbcrotius

397 4284 413 4334 2
432 4282 523 4335 visum
542 4281 572 4335 D
591 4281 718 4334 murrina
737 4279 767 4334 Ii
797 4279 905 4335 dulcem
923 4280 1026 4348 iuliae
1044 4296 1136 4336 susus
1157 4309 1189 4320 —
1210 4280 1298 4335 debuit
1312 4286 1376 4336 aute
1388 4283 1467 4350 liuuu
1479 4281 1549 4349 porri
1561 4309 1594 4320 -

396 4377 553 4432 dubitanter
576 4376 678 4432 adiecit
703 4377 744 4431 M.
773 4375 900 4447 Voiptius
921 4377 995 4430 Mus.
1021 4376 1105 4432 Rbeu.
1126 4376 1271 4433 XXVIII
1281 4394 1310 4446 p.
1329 4382 1364 4432 61
1385 4378 1520 4446 probante
1542 4379 1595 4432 Lo·

397 4475 487 4531 reneio
506 4473 542 4530 od
561 4475 657 4529 Pseud.
677 4478 740 4531 720.
777 4475 847 4530 bunc
865 4491 972 4530 cusum
991 4492 1009 4529 u
1022 4475 1164 4544 prioribus
1183 4475 1329 4531 editoribus
1347 4476 1474 4530 omissum
1494 4474 1596 4530 adiecit

401 4570 564 4626 Ritscbeb'us
583 4570 696 4641 Parere.
711 4572 803 4642 praef.
823 4571 913 4640 XIII,
934 4569 1033 4641 Opusc.
1054 4570 1108 4626 III
1118 4587 1147 4640 p.
1166 4575 1218 4627 177
1235 4571 1354 4641 Berpbio
1373 4576 1491 4626 amare.

496 4667 529 4723 de
548 4667 670 4723 Addicto
689 4667 843 4740 disputarit
862 4667 1027 4725 Ritscbeiius
1046 4667 1147 4739 Opusc.
1166 4669 1222 4724 III
1235 4684 1261 4737 p.
1281 4671 1333 4723 179
1343 4684 1382 4737 sp.
