3626 5530
758 489 935 546 „33-

350 663 454 731 Stichi
476 663 583 747 qualis
605 663 697 729 nobis
729 663 850 730 tradita
884 669 933 730 est
967 665 1001 728 in
1032 663 1199 732 codicibus
1228 665 1312 732 inter
1335 684 1446 733 omnes

250 780 376 842 constat
404 775 539 840 formam
570 775 744 856 genuinam
777 771 983 839 retractando
1007 794 1080 840 csse
1103 772 1320 858 depravatam.
1355 777 1446 842 cuius

249 885 420 967 διασκευῆς
441 890 529 948 certa
549 882 686 966 vestigia
706 882 822 948 relicta
843 889 917 948 sunt
946 883 979 948 in
1002 884 1149 950 versibus
1170 885 1306 968 48—57,
1328 883 1447 950 deinde

250 993 282 1058 in
304 1008 515 1078 personarum
537 992 719 1058 nominibus
742 992 888 1060 turbatis.
927 992 993 1058 alia
1021 999 1148 1079 praeter
1174 992 1254 1060 haec
1276 993 1338 1058 viri
1359 993 1446 1059 docti

251 1103 357 1169 conati
381 1111 455 1168 sant
477 1101 628 1185 detegere
651 1121 710 1186 per
731 1109 855 1168 ceteras
881 1099 1012 1168 fabulae
1033 1109 1150 1186 partes.
1173 1110 1269 1186 atquc
1294 1110 1380 1168 recte
1401 1105 1446 1168 in·

251 1213 437 1295 tellsgentes
459 1212 725 1297 compositionem
747 1210 877 1276 tabulae
899 1211 939 1276 iis
954 1204 1156 1295 potissimum
1178 1211 1270 1277 vitiis
1288 1211 1446 1291 laborare,

250 1321 336 1404 quod
366 1321 529 1396 mutieres,
563 1339 646 1404 quae
667 1323 699 1385 in
720 1321 827 1404 prima
849 1319 978 1385 fabulae
1011 1328 1104 1405 parte
1137 1324 1258 1405 primas
1291 1341 1447 1405 personas
1502 1307 1505 1314 ⁴

250 1437 369 1514 tenent,
403 1432 435 1494 in
458 1429 574 1494 ceteris
596 1427 743 1511 partibus
766 1447 899 1511 prorsus
922 1428 1088 1510 neglectae
1110 1435 1192 1502 sunt,
1222 1411 1339 1496 deinde
1362 1430 1448 1513 quod

250 1560 414 1606 servorum
435 1559 486 1604 res
501 1539 535 1604 in
557 1537 620 1603 fine
634 1537 765 1604 fabulae
782 1537 965 1621 descriptae
981 1557 1051 1604 cum
1074 1537 1336 1606 antecedentibus
1360 1538 1447 1606 haud

251 1651 331 1716 satis
353 1657 428 1734 apto
449 1655 576 1731 cocunt,
607 1655 644 1714 ut
674 1667 786 1713 sanam
813 1649 1022 1713 restituerent
1042 1649 1305 1732 compositionem
1342 1649 1448 1715 conie-

250 1765 362 1826 cerunt
393 1757 518 1840 aliquot
550 1775 685 1822 scaenas
718 1755 922 1821 intercidisse
949 1775 1067 1838 sasque
1090 1757 1222 1824 lacunas
1243 1759 1374 1842 explere
1396 1778 1446 1823 oo·

249 1865 317 1933 nati
340 1875 414 1960 sunt
435 1867 475 1933 iis
497 1885 580 1949 quae
603 1864 837 1932 desiderantur.
877 1866 918 1931 dc
946 1866 1063 1948 quibus
1086 1885 1169 1948 qnae
1192 1868 1313 1950 singuli
1334 1867 1447 1956 cispa

250 1976 440 2055 taveruntl),
472 1995 513 2040 ne
536 1976 643 2040 omnia
666 1973 837 2058 excutiam,
860 1976 940 2040 satis
968 1973 1071 2040 habeo
1095 1974 1221 2040 Goctzii
1254 1976 1446 2042 sententiam

140 2099 143 2104 ·
249 2085 379 2167 referre,
401 2086 457 2168 qui
480 2087 596 2150 ceteris
617 2083 803 2149 adcuratius
826 2082 866 2150 de
888 2083 950 2149 hac
971 2103 1006 2149 re
1028 2086 1102 2168 egit.
1138 2086 1166 2150 is
1191 2091 1266 2150 ante
1281 2103 1446 2151 serrorum

199 2243 206 2254 .
249 2195 432 2260 convivium
464 2213 619 2260 scaenam
653 2193 815 2275 quandam
837 2195 989 2279 proponit
1010 2195 1160 2260 iniectam
1182 2195 1293 2271 fuisse,
1326 2195 1362 2260 in
1383 2213 1446 2277 qna

249 2306 399 2370 mutieres
432 2304 473 2370 oh
505 2303 601 2370 tidem
635 2303 759 2369 maritis
793 2311 952 2369 servatam
986 2303 1113 2369 debitas
1146 2304 1260 2371 laudes
1293 2304 1446 2388 ceperint.

250 2419 419 2497 praetcrea
439 2412 535 2478 huius
558 2433 696 2479 scaenae
718 2431 873 2496 personas
893 2412 1012 2478 conicit
1034 2433 1145 2478 cenam
1160 2427 1304 2498 parasse,
1319 2412 1368 2479 'de
1382 2433 1447 2496 qua

249 2524 319 2590 sola
340 2523 373 2588 in
395 2522 503 2588 media
525 2522 651 2588 tabulae
672 2529 763 2607 parte
786 2522 901 2606 agitur,
925 2523 1035 2606 itaque
1057 2522 1113 2604 qui
1136 2522 1339 2588 desideratur
1361 2528 1443 2588 tran·

250 2634 343 2698 situm
366 2633 408 2698 ad
439 2650 603 2697 serrorum
639 2631 821 2698 convivium
843 2630 971 2697 secisse.
1018 2638 1106 2696 recte
1133 2629 1219 2697 idem
1241 2632 1275 2697 in
1299 2631 1445 2698 versibus

250 2743 415 2805 eae-454
437 2740 658 2807 diasceuastae
681 2759 810 2806 manum
825 2741 985 2823 agnoscit,
1008 2740 1061 2822 qni
1088 2761 1129 2807 cx
1149 2740 1207 2806 illa
1229 2739 1445 2824 partcdeper·

249 2849 318 2916 dita
338 2851 372 2914 in
405 2849 489 2914 hanc
516 2869 665 2916 scaenam
701 2869 756 2916 eos
790 2851 1033 2933 transposuerit.
1079 2849 1137 2915 sed
1170 2848 1246 2915 vide
1277 2869 1353 2915 num
1385 2849 1446 2915 hoc

138 3039 142 3046 ⁸
249 2959 343 3025 modo
366 2959 496 3026 fabulae
519 2960 622 3024 forma
644 2961 840 3042 restituatur,
876 2959 982 3041 qualis
1005 2959 1111 3026 Plauti
1131 2959 1183 3024 vel
1205 2957 1373 3024 Menandri
1397 2959 1443 3024 in-

209 3052 212 3061 ’
247 3070 342 3153 genio
362 3067 459 3134 fuerit
481 3068 590 3152 digna.
634 3088 761 3134 summa
782 3069 816 3134 ni
838 3069 936 3134 fallor
949 3067 1032 3134 vitia
1046 3068 1143 3133 ctiam
1158 3087 1243 3132 nunc
1264 3074 1443 3133 remanent:

248 3177 442 3244 offendimur
461 3179 494 3242 in
517 3198 565 3259 eo,
588 3176 674 3261 quod
695 3178 865 3243 mulierum
889 3177 1060 3262 angustiae
1092 3178 1123 3241 in
1151 3177 1282 3242 tabulae
1310 3177 1445 3242 exordio

247 3295 313 3354 tam
336 3290 468 3372 copiose
489 3285 698 3371 graviterque
723 3286 940 3372 praedicatae,
972 3292 1008 3353 ut
1035 3287 1198 3371 putaverit
1218 3287 1355 3369 quisque
1377 3285 1445 3352 fore

248 3404 283 3463 ut
304 3397 338 3462 in
360 3397 402 3462 iis
426 3396 505 3480 ipsis
533 3395 722 3462 evolvendis
754 3415 913 3461 summum
947 3396 1075 3462 fabulae
1098 3402 1319 3480 argumentum
1340 3415 1445 3462 verse-

247 3513 308 3590 tur,
346 3506 454 3572 statim
489 3504 608 3571 cedunt
648 3506 768 3589 ineptis
802 3504 986 3570 maritorum
1018 3503 1219 3589 parasitique
1256 3506 1444 3588 conloquiis,

248 3635 332 3700 qnae
354 3615 395 3680 ad
413 3622 637 3699 argumentum
653 3615 758 3699 ipsam
775 3615 905 3679 omnino
919 3634 983 3678 non
999 3614 1170 3698 pertinent.
1192 3614 1320 3681 etiamsi
1334 3615 1444 3679 mulie-

248 3743 299 3790 res
323 3726 380 3789 ilta
400 3731 491 3810 parte
512 3725 631 3789 iniecta
659 3724 692 3789 in
719 3743 869 3789 scaenam
898 3723 1103 3802 reducuntur,
1126 3729 1233 3788 tamen
1253 3723 1340 3789 haud
1363 3726 1444 3789 satis

247 3840 317 3899 arto
339 3834 524 3917 argumenti
546 3833 675 3899 vinculo
691 3831 793 3898 Stichi
810 3851 968 3916 personae
991 3831 1204 3916 continentur,
1233 3833 1292 3898 sed
1324 3838 1443 3898 utcum-

248 3963 311 4025 que
326 3945 459 4009 lacunas
474 3949 608 4027 statues,
630 3961 757 4026 semper
772 3940 928 4007 distracta
944 3941 1052 4007 fabula
1066 3948 1175 4007 manet
1188 3943 1220 4006 in
1243 3949 1314 4008 tres·
1324 3947 1442 4026 partes,

248 4071 383 4134 quarum
405 4052 439 4118 in
460 4053 528 4117 alia
549 4053 644 4118 aliter
666 4071 717 4117 res
739 4052 854 4133 agitur,
887 4050 933 4115 ita
954 4057 988 4115 nt
1010 4051 1113 4134 magis
1136 4049 1178 4116 ad
1200 4069 1355 4134 personas
1377 4037 1444 4117 sin-

348 4331 375 4400 1)
394 4330 571 4398 Scripserunt
588 4329 623 4384 de
642 4329 738 4384 Sticho
757 4333 910 4384 retraetata
923 4328 1091 4384 Ritschelius
1104 4327 1192 4398 praef.
1211 4327 1247 4382 ad
1267 4326 1356 4381 Stichi
1376 4327 1442 4382 edit.

249 4445 275 4496 p.
287 4427 325 4481 IX
343 4446 404 4498 sqq.
442 4427 579 4497 Bergkius
601 4427 748 4482 ‘Zeitschn
775 4427 794 4482 f.
820 4421 953 4482 Alterth.'
989 4427 1058 4480 1850
1084 4442 1111 4495 p.
1130 4427 1182 4478 332
1207 4441 1265 4494 sqq.
1293 4423 1443 4479 Teuffelins

249 4523 328 4578 stud.
347 4544 372 4579 u.
394 4524 524 4578 Charakt.
542 4543 569 4594 p.
589 4525 641 4578 277
653 4542 693 4593 sq.
713 4523 889 4592 Ladewigiur
908 4523 1006 4576 Philol.
1020 4521 1097 4577 XVII
1115 4541 1143 4592 p.
1162 4523 1214 4575 452
1226 4539 1285 4591 sqq.
1314 4519 1443 4576 Goctzins

251 4623 323 4675 Acta
342 4624 437 4676 societ.
470 4621 538 4690 phil.
568 4621 643 4689 Lips.
661 4619 699 4674 vt
719 4639 746 4690 p.
765 4622 819 4673 270
832 4637 890 4688 sqq.
910 4624 938 4674 et
957 4621 1009 4673 302
1021 4637 1079 4688 sqq.
1107 4617 1194 4686 praef.
1217 4619 1252 4672 ad
1270 4617 1357 4672 Stichi
1375 4618 1442 4671 edit.

247 4736 274 4787 p.
294 4721 335 4772 15.
1273 4739 1278 4752 ·
