3626 5530
827 437 899 524 ³-
935 444 973 538 'ra
1010 513 1047 525 -.

919 655 995 722 XLI

354 765 415 829 270
509 730 736 829 vamittebam
760 767 867 830 vinum
890 765 1068 849 pulobrum,
1093 766 1278 848 murrinam.¹

908 899 997 966 XLII

503 993 815 1076 priorissarum.
839 1009 931 1092 xix,
957 1010 993 1074 m
1016 1009 1045 1092 (s
1067 1010 1138 1098 sou:
1162 1011 1194 1076 ur
1217 1012 1281 1077 nu
1303 1013 1420 1080 saeuus
1444 1014 1551 1098 regum

453 1124 633 1184 nostrarum
667 1137 825 1200 nusquam
859 1120 1039 1184 nominatur
1074 1120 1160 1199 villa,
1185 1141 1317 1206 semper
1338 1125 1370 1189 in
1393 1124 1551 1207 significa-

455 1227 541 1292 tione
565 1247 603 1292 ea
626 1226 744 1308 hortus,
769 1227 802 1290 in
825 1226 907 1318 horti
933 1246 1010 1292 vero
1033 1227 1210 1310 heredium,
1233 1250 1328 1313 quam
1350 1233 1390 1296 ob
1414 1252 1479 1298 rem
1502 1252 1552 1298 oo-

455 1337 567 1400 mitata
602 1341 650 1401 est
683 1342 715 1402 et
747 1336 862 1417 religio
894 1335 1063 1418 quaedam,
1098 1334 1253 1420 hortoque
1275 1345 1307 1404 et
1332 1340 1400 1406 foro
1429 1347 1552 1406 tantum
1581 1337 1584 1343 ’

456 1449 566 1508 eontra
589 1443 800 1509 invidentium
821 1443 1082 1510 effascinationes
1105 1445 1208 1512 dioari
1230 1447 1376 1514 videmus
1399 1451 1431 1514 iu
1453 1471 1552 1516 reme·

457 1553 512 1618 dio
534 1553 675 1619 saturioa
703 1553 806 1636 signa,
835 1573 1027 1637 quamquam
1056 1553 1164 1620 hortos
1188 1557 1305 1621 tutelae
1333 1557 1466 1623 Veneris
1498 1558 1551 1624 ad·

459 1663 608 1745 signante
630 1661 754 1730 Plauto.

826 1798 937 1865 XLIII
959 1799 1005 1880 (B.
1029 1801 1084 1879 51)

508 1913 590 1974 oette
615 1910 698 1992 patri
721 1927 791 1974 meo

824 2033 930 2100 XLIV
953 2036 1001 2112 (B.
1023 2034 1079 2118 65)

476 2215 479 2222 ,
509 2191 516 2207 .
540 2193 546 2208 .
571 2194 578 2208 .
601 2144 681 2208 haee
706 2147 878 2228 praesepta
901 2165 973 2210 mea
996 2152 1052 2211 est.

443 2394 520 2459 XLI
542 2394 665 2459 Plinius
688 2394 760 2459 Nat.
786 2393 866 2459 Hist.
879 2394 965 2472 XIV,
991 2397 1029 2459 15
1052 2399 1152 2478 (§92)
1174 2398 1357 2465 lautissima
1377 2399 1467 2483 apud
1490 2401 1552 2483 pri-

357 2526 428 2571 soos
451 2506 528 2569 vina
549 2509 641 2568 erant
664 2502 848 2587 myrrhae
871 2504 969 2570 odore
992 2505 1132 2587 eondita,
1167 2515 1201 2571 ut
1234 2515 1369 2591 apparet
1392 2509 1424 2572 in
1447 2509 1549 2574 Plauti

356 2617 468 2682 t'abula
490 2635 572 2698 quae
585 2615 684 2680 Persa
706 2615 900 2693 inscribitur,
925 2637 1120 2700 quamquam
1144 2619 1177 2682 in
1200 2637 1240 2684 ea
1262 2623 1294 2682 ot
1316 2617 1475 2682 calamum
1497 2617 1552 2684 ad·

356 2725 390 2791 di
403 2724 501 2792 iubet.
536 2723 610 2789 ideo
633 2721 763 2806 quidam
787 2726 955 2792 aromatite
971 2724 1149 2792 delectatos
1166 2727 1305 2791 maxime
1321 2726 1462 2793 eredunt.
1495 2727 1554 2794 sed

357 2833 476 2899 Fabius
495 2833 682 2899 Dossennus
705 2832 753 2898 bis
776 2833 922 2900 versibus
945 2832 1103 2900 deoomit:
1127 2835 1291 2900 mittebam
1312 2857 1337 2902 e.
1353 2855 1382 2918 q.
1396 2857 1421 2901 s.
1466 2843 1499 2902 et
1521 2837 1554 2901 in

357 2943 600 3009 Acharistione:
624 2962 741 3025 panem
765 2961 792 3007 e.
814 2964 845 3025 q.
869 2963 892 3009 s.

458 3057 568 3140 XLIII
602 3073 746 3140 Oledonii
775 3077 837 3139 Ars
873 3075 940 3154 (Gr.
969 3076 1023 3141 lat.
1056 3077 1094 3141 K.
1120 3078 1159 3156 V)
1195 3099 1225 3162 p.
1249 3079 1299 3158 59,
1333 3079 1374 3144 20
1406 3101 1479 3145 nam
1514 3079 1554 3144 ab

356 3207 394 3252 eo
429 3183 515 3269 quod
537 3191 586 3250 est
608 3184 718 3261 aedo,
754 3183 807 3249 dio
828 3184 908 3248 mihi
929 3183 1017 3250 illam
1042 3205 1118 3267 uem,
1149 3186 1324 3252 secundam
1359 3195 1390 3254 et
1426 3190 1553 3254 tertiam

356 3315 525 3380 personam
541 3314 603 3358 non
626 3295 714 3376 fauit,
737 3291 826 3359 oedis
850 3293 950 3374 oedit3
974 3293 1006 3358 in
1031 3295 1148 3378 plurali
1172 3295 1252 3361 faoit
1276 3304 1391 3374 nette,
1416 3297 1553 3362 utPIau-

357 3412 407 3470 tus
431 3405 463 3468 in
488 3425 505 3457 r
525 3397 628 3468 ‘oette
653 3402 737 3486 patri
760 3403 854 3468 meo’.
906 3403 1053 3488 Pompeii
1082 3403 1202 3470 Comm.
1232 3427 1262 3488 p.
1284 3405 1355 3489 240,
1383 3409 1424 3470 23
1454 3401 1554 3472 ‘eette

357 3515 441 3597 patri
463 3511 546 3578 meo'
569 3510 669 3578 habes
693 3513 789 3578 etiam
818 3513 905 3596 apud
928 3513 1090 3596 Plautum,
1112 3513 1145 3579 id
1169 3522 1218 3581 est
1237 3509 1331 3580 ‘date
1352 3516 1437 3599 patri
1461 3506 1554 3582 meo'.

358 3623 487 3688 Pbooae
508 3643 560 3686 ars
585 3622 729 3701 (Galat.
754 3621 792 3687 K.
817 3621 858 3705 V)
882 3643 912 3708 p.
936 3621 1007 3699 436,
1032 3625 1070 3687 15
1095 3625 1193 3691 aedo
1217 3627 1311 3692 etiam
1334 3627 1458 3692 numeri
1483 3626 1555 3711 plu·

357 3732 435 3798 ralis
459 3733 573 3796 loetum
597 3738 646 3797 est
667 3731 754 3815 apud
777 3733 925 3799 Plautum
960 3740 1072 3799 oette.
1100 3734 1177 3800 Mar.
1199 3736 1280 3800 Plot.
1307 3735 1438 3802 Sauerd.
1462 3735 1511 3811 (G.
1535 3737 1553 3800 l.

358 3842 397 3906 K.
423 3839 479 3923 VI)
502 3862 532 3925 p.
556 3841 627 3923 490,
650 3841 806 3908 aboedo
830 3843 953 3908 numeri
977 3843 1111 3925 pluralis
1138 3851 1255 3910 nette:
1288 3845 1337 3910 sio
1369 3845 1501 3912 Plautus
1523 3852 1555 3910 et

359 3951 485 4033 antiqui
509 3949 800 4035 comoediographi.

458 4083 563 4149 XLIV
607 4084 730 4152 Probus
765 4083 888 4152 Cathol.
925 4105 954 4170 p.
981 4087 1009 4165 8,
1038 4087 1118 4151 3K.
1153 4084 1212 4154 hoe
1242 4106 1430 4172 praesepe
1461 4087 1554 4154 buius

356 4333 520 4406 srapmentiu
530 4333 683 4404 adiecerim,
703 4337 814 4404 exposui
830 4354 857 4405 p.
873 4342 914 4394 16.
960 4338 1013 4390 270
1026 4339 1152 4391 murrina
1170 4337 1201 4391 Ε
1216 4338 1322 4392 dulcem
1344 4338 1375 4392 ia
1389 4339 1442 4406 fiae
1460 4353 1554 4392 aeroas

358 4431 438 4486 addat
462 4433 503 4486 M.
535 4431 660 4501 Vor'ptioa
684 4433 759 4487 Mus.
789 4433 873 4487 Rbon.
895 4433 1039 4487 XXVIII
1051 4451 1080 4502 p.
1100 4438 1142 4488 61.
1178 4435 1229 4500 afr.
1258 4434 1459 4489 Acharistr'onia
1485 4451 1508 4489 o.
1527 4439 1553 4490 2.

358 4545 464 4584 uersum
490 4529 592 4583 Plauto
614 4527 736 4584 reddidit
760 4529 922 4585 Ritscbetu'us
942 4529 1039 4598 opusc.
1065 4530 1120 4585 ΙΙΙ
1129 4547 1158 4599 p.
1178 4535 1230 4586 177
1247 4547 1286 4599 sq.
1359 4533 1411 4584 272
1430 4532 1463 4586 de
1481 4535 1553 4586 cette

358 4623 488 4677 disseruit
507 4623 671 4677 Ritaobalias
696 4623 732 4676 ad
751 4623 914 4680 Mercatoria
937 4639 960 4678 o.
979 4627 1039 4678 965.
1128 4626 1179 4677 275
1199 4625 1338 4694 praesepis
1356 4627 1484 4683 Srwerdm
1502 4627 1554 4681 hoe

359 4719 439 4788 (corr.
458 4718 536 4787 haec)
557 4736 702 4789 praesopus
720 4737 798 4774 meus
816 4719 898 4788 (corr.
924 4738 1000 4774 meas
1015 4725 1057 4775 est
1074 4721 1108 4773 B.
1146 4719 1298 4776 ‘onomata
1313 4739 1342 4790 p.
1362 4726 1397 4776 44
1413 4723 1444 4776 u'rr
1463 4723 1553 4778 oudam
