3634 5534
921 503 1098 555 ..10-

413 693 517 756 neque
541 669 574 738 id
589 670 631 737 ad
645 687 773 737 versam
786 670 999 756 deperditum,
1022 672 1080 738 sed
1096 672 1138 738 ad
1154 675 1260 739 Aulul.
1280 695 1310 738 v.
1325 675 1387 739 408
1408 683 1466 741 aut
1491 675 1606 742 Pseud.
1720 687 1721 690 ’

411 804 439 847 v.
461 783 522 846 853
545 780 746 845 referendum
776 800 849 846 esse
871 781 1034 866 Sauppias
1069 783 1168 848 evicit
1195 783 1415 865 (quaestiones
1436 785 1606 850 Plautinae

412 912 443 977 p.
468 891 520 970 10)
531 891 562 970 ¹).
606 889 693 955 Festi
716 911 745 972 p.
768 891 829 954 305
855 888 1080 975 ‘suppremum
1103 911 1129 955 e.
1153 912 1182 974 q.
1205 911 1229 958 s.
1271 892 1449 959 Plautus..
1467 943 1497 958 ..
1521 914 1606 958 mum

412 1001 553 1067 habuisti
576 1019 610 1066 se
714 998 805 1080 tuis'‚
847 1019 864 1065 e
893 1001 1009 1083 quibus
1031 999 1164 1066 Bothius
1186 1000 1302 1067 Vrsino
1325 1009 1500 1085 praeeunte
1522 1002 1606 1068 hunc

373 1095 376 1110 '
410 1130 537 1176 versum
560 1109 737 1175 construxit
759 1101 862 1174 ‘certe
884 1130 935 1175 me
952 1128 1132 1193 supremum
1156 1110 1299 1176 habuisti
1318 1131 1445 1194 semper
1460 1112 1494 1176 in
1509 1111 1605 1176 rebus

410 1218 488 1285 tuis’
510 1218 764 1302 fragmentisque
786 1217 908 1284 adiecit
927 1222 970 1292 (n.
990 1219 1053 1300 37),
1076 1218 1249 1284 Decerium
1274 1225 1361 1286 reete
1385 1221 1548 1287 rettulisse
1562 1220 1605 1287 ad

410 1329 526 1394 Pseud.
547 1347 576 1392 v.
603 1330 640 1392 16
658 1320 750 1392 ‘nam
772 1334 806 1392 tu
828 1346 879 1391 me
900 1326 1054 1394 antidhac
1075 1327 1268 1413 Supremam
1291 1328 1434 1395 habuisti
1456 1331 1604 1396 comitem

410 1437 556 1504 consiliis
578 1429 657 1503 tuis'
684 1457 776 1502 nemo
799 1436 974 1520 negabit2).
1009 1456 1113 1519 neque
1129 1439 1234 1504 miuus
1251 1438 1460 1522 probabiliter
1478 1458 1496 1504 e
1511 1438 1604 1504 Pauli

408 1548 517 1613 verbis
540 1568 569 1631 p.
592 1549 630 1612 61
655 1546 703 1626 (Β.
727 1567 755 1612 n.
779 1547 831 1626 73)
856 1529 1114 1612 ‘consuetiouem
1138 1547 1272 1613 Plautus
1293 1567 1351 1631 pro
1373 1548 1604 1616 consuetudine

410 1657 533 1737 dixitll'
557 1655 714 1740 Amphitr.
740 1676 767 1719 v.
790 1656 853 1719 490
885 1663 916 1721 et
938 1675 955 1720 e
978 1656 1068 1722 Festi
1094 1677 1124 1740 p.
1150 1658 1205 1721 181
1242 1650 1447 1722 ‘occidamus
1470 1658 1604 1724 Plautus

409 1768 500 1850 ponit
530 1787 587 1850 pro
618 1771 730 1831 eontra
759 1763 958 1844 cedamua⁴)’
986 1765 1102 1832 Pseud.
1126 1786 1153 1831 v.
1177 1767 1238 1830 250
1261 1786 1280 1830 a
1303 1767 1382 1831 viris
1414 1766 1518 1832 doctis
1554 1785 1603 1832 sa-

409 1878 474 1941 nati
490 1884 571 1940 sunt.
595 1874 721 1940 aceedit
739 1874 926 1957 fragmentis
944 1874 1038 1938 Pauli
1061 1894 1091 1957 p.
1105 1875 1145 1938 62
1165 1873 1384 1959 ‘eonruspare‚
1407 1877 1603 1957 conquirere.
1669 1904 1674 1914 ·

408 1986 555 2050 Plautus:
600 2003 796 2066 ecnruspare
828 1991 884 2047 tua
917 1983 1054 2048 consilia
1086 1983 1120 2048 in
1154 1984 1307 2067 peetum’,
1346 2003 1440 2066 quem
1475 2003 1602 2048 versum

408 2093 557 2159 Bothium
584 2094 733 2158 omisisse
757 2093 821 2156 iam
845 2091 1017 2157 Muellerus
1039 2091 1215 2157 adnotavit.
1268 2093 1362 2160 Pauli
1392 2113 1423 2176 p.
1446 2094 1465 2157 8
1486 2091 1603 2175 ‘anger

409 2225 436 2270 e.
455 2225 485 2286 q.
503 2224 528 2268 s.
564 2202 711 2267 Plautus:
733 2202 849 2266 vellem
870 2220 921 2266 me
945 2201 977 2264 in
1000 2203 1149 2285 anginam
1165 2201 1258 2282 verti,
1281 2221 1344 2283 quo
1361 2201 1437 2269 huie.
1455 2203 1603 2275 aniculae

409 2315 519 2378 fauces
543 2310 827 2395 praeoccuparem'
856 2309 1044 2392 fragmentis
1066 2309 1272 2376 adiciendum
1295 2330 1366 2376 esse
1401 2310 1485 2375 infra
1506 2329 1600 2394 expo-

408 2443 491 2504 nam,
515 2440 586 2487 cum
607 2419 648 2486 de
669 2419 771 2485 Servii
795 2420 875 2484 loeis
898 2419 1058 2484 Plautinis
1080 2418 1245 2485 disseram.

482 2529 674 2595 *Diomedis
701 2549 731 2612 p.
754 2529 826 2610 365,
859 2530 877 2591 5
897 2521 1040 2594 ‘decolle
1068 2527 1240 2605 decollavi,
1276 2528 1336 2595 hoc
1358 2529 1490 2595 verbum
1514 2528 1600 2612 apud

407 2647 531 2706 veteres
553 2638 681 2722 decipio
703 2637 874 2720 significat,
908 2645 943 2703 ut
964 2637 1050 2722 apud
1066 2638 1229 2705 Plautum:
1261 2659 1324 2704 una
1346 2644 1395 2704 est
1415 2638 1598 2704 decollavit*

408 2750 458 2830 (B.
482 2769 512 2812 n.
536 2749 589 2829 52)
613 2747 811 2830 intellegitur
843 2748 1052 2831 neglegenter
1073 2755 1237 2814 eontracta
1258 2768 1330 2815 esse
1352 2768 1370 2814 e
1392 2747 1600 2832 Captivorum

407 2859 555 2924 versibus
575 2859 637 2922 496
660 2863 691 2922 et
712 2858 773 2922 497
799 2851 865 2922 ‘est
887 2857 956 2922 illie
978 2857 1021 2920 mi
1045 2877 1109 2922 una
1125 2877 1200 2940 spes
1215 2859 1370 2932 cenatica,
1394 2857 1485 2923 Sica
1507 2857 1600 2924 deeo-

407 2967 497 3047 labit,
531 2963 642 3032 redibo
673 2966 735 3030 bue
768 2964 810 3030 ad
845 2984 952 3030 senem
985 2964 1028 3028 ad
1061 2985 1173 3031 cenam
1202 2956 1374 3049 asperam’.
1424 2987 1534 3032 versus
1559 2968 1600 3031 ib.

407 3098 437 3161 p.
460 3077 532 3157 345,
554 3077 574 3140 6
596 3081 741 3141 enotatas
772 3068 880 3139 ‘hiare
909 3081 942 3139 et
964 3073 1086 3139 bietare
1111 3082 1236 3140 veteres
1259 3074 1419 3152 dixerunt,
1452 3073 1600 3138 Plautus:

407 3187 502 3269 siqua
526 3186 608 3250 forte
629 3185 736 3249 contio
752 3189 810 3264 est,
832 3183 888 3248 ubi
903 3181 1116 3268 eum'hietare
1134 3182 1275 3247 nondum
1290 3182 1322 3246 in
1338 3187 1475 3247 mentem
1497 3171 1599 3244 venit'

407 3303 441 3360 ut
463 3316 480 3360 e
503 3289 753 3377 fragmentorum
786 3291 898 3358 ordine
929 3293 1048 3357 eiceret
1071 3291 1203 3356 Bethius
1236 3289 1376 3355 editione
1401 3288 1599 3354 Petschiaua

407 3409 662 3481 commutasset,
695 3402 750 3467 ubi
771 3395 935 3466 ‘Plautus’
969 3401 1123 3466 omissum
1157 3407 1234 3464 erat.
1287 3419 1367 3481 quos
1395 3417 1507 3464 versus
1528 3417 1598 3462 cum

407 3512 568 3596 prioribus
590 3511 766 3577 editoribus
789 3510 977 3594 fragmentis
1001 3510 1151 3575 attribuo.
1186 3529 1291 3591 neque
1314 3507 1398 3572 enim
1412 3507 1513 3572 Keilii
1528 3525 1598 3572 seu-

406 3620 723 3702 tentiae'adsentior‚
746 3640 801 3685 eos
824 3621 985 3686 intercisis
1008 3620 1155 3684 versibus
1178 3617 1374 3682 Menaechm.
1397 3615 1454 3696 Ill,
1485 3618 1511 3697 l,
1533 3617 1600 3680 3et

406 3733 496 3795 daut
510 3749 550 3794 ex
567 3729 680 3795 eadem
695 3705 974 3794 Menaechmorum
996 3747 1116 3794 scaena
1137 3728 1170 3792 in
1193 3727 1358 3793 codicibus
1383 3724 1490 3790 Plauti
1514 3726 1598 3789 lacu-

407 3858 487 3904 nosa
501 3846 557 3904 aut
571 3859 612 3904 ex
627 3839 691 3905 alie
714 3845 810 3922 poeta
833 3839 953 3920 petitos
975 3857 1056 3903 esse.
1091 3837 1176 3902 illius
1199 3855 1335 3902 scaenae
1360 3837 1455 3919 pauci
1476 3840 1598 3900 tantum

406 3965 517 4013 versus
539 3949 684 4013 lacunosi
706 3954 781 4012 sunt
802 3966 905 4030 neque
928 3947 1088 4012 sententia
1103 3945 1155 4010 his
1170 3946 1317 4010 versibus
1337 3963 1493 4028 expressa
1514 3943 1598 4008 desi-

406 4057 544 4123 deratur.
578 4057 695 4122 deinde
715 4036 856 4122 verbaa
877 4055 1036 4122 Diomede
1059 4054 1170 4120 adlata
1186 4053 1342 4119 iambicos
1357 4073 1506 4118 numeros
1529 4072 1599 4135 pro·

406 4165 494 4244 dunt,
527 4165 805 4231 Menaechmorum
841 4164 898 4228 illa
920 4184 1038 4230 scaena
1064 4161 1234 4229 trochaicis
1258 4163 1399 4227 numeris
1422 4160 1600 4243 composita

511 4392 535 4461 l)
556 4391 611 4446 cfr.
632 4390 778 4446 Ritsehelii
796 4396 824 4444 et
843 4389 971 4446 Loranzii
990 4389 1183 4444 adnotationes
1202 4387 1237 4442 ad
1256 4388 1354 4441 Pseud.
1374 4405 1400 4440 v.
1420 4389 1480 4440 863,

505 4490 534 4557 2)
552 4487 720 4556 Leidolphus
739 4487 757 4540 l.
777 4504 801 4539 a.
820 4503 848 4555 p.
867 4487 921 4539 234
939 4485 1041 4540 conicit
1059 4483 1198 4538 ‘socium’.

506 4591 532 4650 hl
552 4585 609 4639 Cfr.
629 4584 773 4654 heidolpu.
794 4585 810 4638 l.
832 4601 856 4638 a.
876 4601 903 4654 p.
923 4586 983 4636 238.

505 4681 533 4751 4)
555 4680 611 4735 Cfr.
630 4680 775 4750 Leidolph.
794 4682 812 4735 1.
831 4699 855 4734 a.
875 4698 901 4748 p.
921 4683 983 4734 240.
