3626 5530
895 497 1069 552 ..30-

912 686 1052 781 cxxvi

533 795 706 863 interlnere
731 817 819 864 mare

902 923 1058 1016 LXXVII

533 1049 651 1136 probus
674 1051 803 1133 quidem
825 1058 922 1118 antea
946 1051 1102 1118 iaculator
1124 1071 1196 1119 eras

894 1210 1066 1278 LXXVIII

532 1318 620 1386 linna
643 1327 816 1405 cooperata
839 1327 889 1387 est
909 1323 1020 1388 testrio
1042 1322 1144 1404 gatlia

906 1471 1048 1537 LXXIX

531 1580 558 1645 si
594 1577 672 1663 quid
706 1580 848 1646 facturus
880 1600 924 1663 es,
969 1579 1118 1665 appende
1156 1583 1190 1647 in
1229 1582 1348 1649 umeris
1382 1585 1516 1668 pallium
1550 1591 1582 1650 et

482 1709 610 1774 pergas,
634 1696 788 1773 quantum
810 1689 897 1756 valet
919 1696 1044 1755 tuorum
1066 1688 1185 1776 pedum
1206 1693 1382 1776 pernioItas

381 1952 450 2010 nov,
473 1921 690 2004 ώςΠλαῦτος.
723 1926 779 2007 cfr.
795 1927 916 1992 Paulus
939 1948 969 2012 p.
988 1929 1037 2007 10,
1064 1930 1079 1992 1
1100 1929 1142 1994 Μ.
1165 1931 1312 1997 sederis
1336 1933 1455 1996 securis
1476 1952 1581 2007 aerea,

382 2057 447 2121 qua
478 2037 511 2103 in
550 2035 718 2102 sacrificiis
751 2036 922 2101 utebantur
955 2037 1140 2103 sacerdotes
1183 2044 1211 2103 et
1243 2039 1365 2122 ptossae
1401 2041 1435 2104 ia
1463 2039 1582 2106 Loewr‘t

381 2146 495 2212 Prodr.
519 2167 553 2228 p.
576 2147 643 2212 257
664 2137 819 2211 acceries:
853 2144 986 2229 securis,
1019 2164 1115 2228 quam
1149 2146 1296 2216 flamines
1325 2157 1381 2215 aut
1416 2151 1581 2234 pontifices

381 2256 501 2322 habent
522 2260 551 2320 et
573 2255 729 2321 aoceries:
753 2275 855 2338 genus
879 2256 1010 2322 securis.

481 2363 621 2429 LXXVI
646 2363 789 2430 Isidorus
814 2365 902 2450 Orig.
926 2365 964 2448 V,
987 2368 1038 2450 26,
1061 2367 1099 2432 18
1122 2367 1312 2433 internecivi
1328 2374 1432 2434 autem
1459 2368 1580 2450 signifi-

381 2476 465 2541 catio
490 2479 539 2539 est
573 2475 665 2556 quasi
688 2473 826 2542 hominis
849 2475 1008 2558 quaedam
1031 2479 1190 2542 enecatio:
1213 2499 1286 2543 nam
1310 2479 1575 2562 praepositionem

381 2584 486 2650 inter
518 2583 681 2668 ponebant
711 2584 835 2667 antiqui
867 2605 926 2670 pro
949 2607 974 2652 e.
1005 2585 1162 2653 Naevius:
1197 2607 1284 2652 mare
1309 2585 1512 2654 interbibere.
1549 2596 1578 2654 et

381 2693 530 2760 Plautus:
554 2694 727 2759 interluere
750 2714 848 2767 mare,
871 2694 907 2759 id
930 2701 978 2760 est
1001 2695 1131 2762 ebibere
1154 2702 1186 2762 et
1208 2697 1325 2763 eluere.

481 2801 636 2869 LXXVII
671 2803 815 2869 Isidorus
846 2801 935 2888 Orig.
958 2803 1050 2887 XIX,
1087 2807 1115 2888 5,
1139 2807 1157 2869 2
1182 2803 1304 2871 funda
1325 2826 1428 2890 genus
1460 2813 1508 2873 est
1531 2805 1581 2890 pi-

382 2915 538 2979 scatoriae
562 2914 649 2996 retis,
683 2913 771 3004 dicta
800 2914 842 2981 ab
873 2935 919 2996 eo,
958 2916 1044 2999 quod
1067 2915 1100 2981 in
1129 2917 1263 2982 fundum
1287 2918 1441 2995 mittatur,
1466 2915 1581 2984 eadem

380 3023 479 3088 etiarn
502 3042 522 3087 a
545 3022 697 3088 iactando
720 3023 893 3107 Iaculum
915 3021 1043 3089 dieitur.
1074 3024 1223 3092 Plautus:
1248 3027 1367 3109 probus
1392 3047 1418 3092 e.
1444 3048 1474 3111 q.
1497 3048 1523 3093 s.

479 3128 652 3198 LXXVIII
680 3130 825 3198 Isidorus
849 3129 937 3216 Orig.
961 3133 1048 3208 XIX,
1074 3135 1123 3216 23,
1145 3136 1164 3198 3
1192 3135 1331 3200 Iinnae
1354 3156 1434 3218 saga
1457 3135 1582 3218 quadra

381 3245 414 3305 et
435 3239 547 3304 mollia
569 3248 650 3305 sunt.
684 3240 725 3306 de
748 3241 864 3323 quibus
887 3239 1036 3308 Plautus:
1059 3244 1147 3308 linna
1171 3263 1198 3309 e.
1214 3265 1245 3328 q.
1269 3264 1294 3309 s.
1330 3244 1412 3308 ibid.
1437 3246 1452 3308 I
1476 3243 1581 3308 Gallis

381 3350 499 3415 iinnae.

479 3458 619 3524 LXXIX
661 3458 804 3525 Isidorus
840 3457 926 3544 Orig.
966 3459 1054 3544 XIX,
1088 3459 1138 3545 24,
1171 3463 1184 3526 l
1228 3463 1392 3546 pallium
1426 3469 1484 3542 est,
1518 3484 1581 3547 quo

382 3567 631 3633 ministrantium
645 3569 797 3651 scapulae
820 3576 1031 3652 conteguntur
1053 3577 1097 3644 ut,
1122 3571 1196 3636 durn
1221 3572 1412 3655 ministrant,
1436 3573 1581 3656 expediti

382 3676 570 3743 discurrant.
605 3675 750 3742 Plautus:
775 3677 904 3760 siquid
928 3697 954 3743 θ.
977 3698 1007 3761 q.
1031 3699 1056 3744 s.

382 3937 435 3992 308
454 3938 531 3992 luma
551 3938 658 3993 Parcus
677 3937 740 3993 lena
758 3937 894 3993 Areoolus
912 3938 990 3993 linna
1008 3937 1191 4007 Gothofredns
1210 3941 1335 3995 Loudias
1356 3941 1454 3996 Prodr.
1468 3958 1497 4011 p.
1517 3945 1581 3998 289.

383 4041 516 4106 cooperta
535 4035 651 4103 Pareae,
670 4035 778 4089 Aranni.
800 4034 871 4103 quod
890 4035 954 4090 utra·
973 4036 1070 4091 hadent
1088 4042 1126 4092 est
1145 4037 1265 4106 Iinnaeq.
1285 4042 1408 4107 operata.
1458 4039 1582 4092 textrina

382 4133 490 4188 Parem
499 4131 609 4189 Areoul.
624 4130 750 4186 textrino
759 4129 885 4198 Gothofr.
905 4131 1011 4188 Galliae
1025 4133 1139 4190 Parem.
1159 4149 1219 4184 νιν
1230 4133 1335 4190 lincam
1353 4137 1495 4203 operttast
1522 4138 1581 4188 tex·

381 4229 439 4284 trix
468 4227 575 4284 cornea
598 4227 725 4284 Latmius
751 4226 911 4284 dubitanter
936 4229 1075 4298 proponit.
1148 4233 1200 4284 309
1225 4233 1326 4302 pergat
1342 4231 1452 4286 Areuui.
1481 4249 1581 4300 pergas

383 4324 500 4379 Parata.
549 4323 700 4393 pernicitas
719 4321 827 4378 Arenat.
847 4322 897 4389 cfr.
917 4324 1083 4380 Mendacium.
1104 4341 1128 4380 a.
1140 4328 1199 4392 766,
1221 4329 1278 4381 867
1296 4327 1445 4396 promtitas
1464 4327 1581 4384 Porcus.

382 4419 509 4476 Isidorus
536 4419 695 4475 sententium
724 4419 821 4474 Plorat
847 4419 975 4481 reddidit.
1020 4422 1125 4478 cabum
1152 4423 1199 4479 otu
1225 4423 1317 4482 nitunt.
1396 4426 1455 4500 818.
1489 4425 1582 4480 aeneis

382 4516 492 4572 Arcout.
517 4532 551 4568 ex
574 4514 667 4570 aeneis
690 4514 807 4579 Pareae,
836 4516 886 4582 cfr.
905 4514 1030 4570 Metrias
1054 4515 1164 4572 Glossaa
1182 4517 1320 4572 conanum
1348 4536 1378 4588 p.
1394 4523 1430 4574 95
1443 4535 1482 4587 sq.
1519 4520 1582 4576 ahe-

382 4613 441 4667 neis
455 4627 508 4682 pro
527 4611 621 4667 ahenis
632 4611 731 4666 Plauti
754 4626 809 4664 esse
829 4616 910 4680 nepot
931 4612 1102 4682 Kiesttnpias
1114 4611 1244 4670 Fleckeis.
1266 4614 1368 4670 Amant.
1388 4619 1461 4670 1868
1477 4633 1506 4686 p.
1522 4621 1581 4672 614.

383 4726 420 4766 ua
430 4707 588 4764 delendum?
602 4707 654 4774 cfr.
664 4707 804 4763 Placidus.
871 4711 921 4762 811
942 4708 1066 4766 unauna
1080 4710 1163 4766 Anat.
1179 4711 1271 4766 Pzaat.
1283 4727 1310 4780 p.
1326 4717 1377 4766 110
1395 4709 1513 4768 ‘ludum'
1534 4713 1581 4770 dos
