3634 5534
213 698 405 766 mouendum
441 697 583 764 videtur:
627 695 822 763 Ritscbelius
856 695 1016 772 Colacem,
1054 695 1249 780 Phagonem,
1289 695 1409 781 Dysco-

213 811 288 891 lum,
320 811 502 892 Agroeoum
531 807 660 872 fabulas
695 806 735 871 ob
769 825 839 870 earu
872 825 1002 870 causam
1026 825 1044 871 e
1066 805 1339 871 Varronianarum
1362 825 1410 870 or-

214 921 290 985 dine
313 919 417 998 eiecit,
439 918 517 999 quia
539 935 615 980 unm
637 915 794 998 genuinae
816 921 925 980 essent
946 914 1110 980 titulorum
1126 913 1247 979 formae
1262 933 1410 998 magnam

214 1034 378 1094 moverent
400 1024 626 1111 suspicionem.
670 1023 754 1089 banc
775 1024 860 1088 enim
883 1043 1025 1089 normam
1052 1023 1084 1088 in
1106 1023 1207 1090 titulis
1223 1043 1411 1109 componens

216 1138 266 1204 dis
299 1137 447 1202 Plautum
481 1141 624 1200 secutum
657 1153 739 1214 esse,
774 1140 809 1200 ut
841 1153 913 1198 cum
940 1153 958 1198 e
987 1153 1194 1217 personarum
1228 1133 1411 1200 nominibus

216 1247 325 1312 titulos
348 1247 487 1327 fecisset,
509 1263 643 1327 graecas
676 1242 797 1308 formas
830 1241 1023 1319 admitteret,
1058 1261 1113 1308 eos
1142 1249 1258 1325 autem,
1291 1260 1412 1325 quose

216 1354 400 1423 nominibus
415 1353 620 1437 appellativis
636 1352 826 1432 densescat,
852 1371 980 1436 semper
1000 1352 1118 1418 latinos
1140 1351 1301 1418 formaret.
1345 1352 1412 1416 Rit-

217 1464 359 1530 scbelius
381 1462 478 1546 igitur
499 1461 627 1528 fabulas
651 1461 724 1526 illas
746 1459 909 1543 ambiguis
932 1461 1077 1528 inserens
1110 1463 1324 1538 ratiocinatur,
1358 1479 1413 1526 eas

218 1571 410 1646 comoedias,
433 1572 468 1636 iu
489 1571 616 1654 quibus,
639 1574 793 1654 quantum
815 1569 913 1636 bodie
927 1571 996 1635 erui
1012 1577 1127 1654 potest,
1149 1571 1259 1636 insunt
1273 1591 1292 1636 a
1307 1571 1413 1636 Plauti

219 1673 450 1748 cousuetudine
470 1682 589 1762 aliena,
612 1681 788 1746 Varronem
811 1699 938 1762 quoquc
954 1680 1183 1766 suppositicias
1198 1679 1413 1746 iudicaturum

218 1791 327 1858 fuisse.
371 1809 455 1874 qnae
478 1789 682 1855 ratiocinatio
717 1787 798 1854 duas
832 1789 914 1854 alias
936 1788 1063 1854 fabulas
1090 1809 1165 1855 num
1192 1797 1278 1856 recte
1308 1777 1566 1886 urdruraga

219 1901 417 1966 Varroniano
432 1899 618 1965 attribuerit
631 1897 836 1975 Ritscbelius,
853 1904 959 1963 movet
976 1897 1227 1964 dubitationem:
1249 1881 1429 1979 Lenouurrr.
1450 1931 1459 1942 .
1487 1899 1576 2066 ἵ
1557 1927 1590 1980 (a.

218 2010 418 2092 geminorum
439 2007 570 2073 fabulae
590 2026 702 2073 versus
720 1999 827 2072 ‘dolet
845 2005 921 2072 huic
938 2005 1044 2091 puello
1067 2025 1139 2072 sese
1158 2026 1273 2073 venum
1290 1993 1484 2114 dapar
1474 1992 1478 1997 ’
1499 2002 1511 2024 ³

220 2135 284 2183 non
300 2119 449 2184 convemt
463 2135 534 2181 cum
546 2116 649 2180 Plauti
666 2135 821 2183 sermone.
853 2108 973 2181 ‘dolet’
987 2116 1076 2201 apud
1088 2115 1233 2183 Plautum
1258 2136 1321 2182 nou
1344 2093 1514 2220 bustu
1508 2193 1546 2210 ,1,

222 2227 404 2332 accursativo
440 2245 511 2291 curn
544 2224 713 2307 infinitivo,
746 2224 803 2290 sed
831 2223 1024 2308 ubicumque
1051 2226 1171 2309 legitur
1194 2245 1322 2310 semper
1345 2189 1497 2328 &pff
1478 2233 1522 2316 3
1518 2206 1595 2322 Σ

222 2321 298 2418 quia
325 2343 381 2401 aul
402 2334 489 2417 qnod
517 2335 717 2399 coniunctum
741 2333 828 2410 est1).
872 2332 1008 2416 primum
1033 2335 1214 2417 exemplum
1238 2336 1414 2401 accusativi
1440 2283 1530 2344 ψ

220 2465 290 2511 cnm
315 2443 478 2510 infinitivo
501 2444 635 2528 praebet
658 2443 804 2509 Terentii
828 2442 1009 2528 Adelph]
1011 2443 1102 2509 ,275
1124 2439 1201 2510 boc
1229 2444 1307 2509 mibi
1330 2444 1417 2511 dolet

220 2574 278 2619 nos
296 2573 399 2636 paene
420 2572 493 2619 sero
517 2554 617 2619 scisse
637 2559 671 2617 et
692 2571 794 2635 paene
814 2553 847 2616 in
869 2573 941 2618 eum
964 2554 1069 2618 locum
1091 2544 1237 2620 redissc'.
1285 2555 1417 2618 alterins

221 2662 361 2738 fabulae,
385 2661 655 2745 rl'riguminorum,
685 2681 798 2727 versus
826 2681 845 2726 a
868 2662 972 2728 Gellio
995 2663 1033 2726 N.
1057 2663 1094 2727 A.
1119 2661 1172 2744 VI,
1195 2663 1223 2736 9,
1249 2664 1267 2726 7
1290 2663 1417 2728 adlatus

222 2769 300 2835 ‘nisi
329 2771 483 2852 fugissem
511 2771 652 2837 medium
680 2771 777 2838 credo
806 2769 1068 2856 praemorsisset'
1097 2754 1138 2836 ab
1172 2773 1319 2838 omnibus
1353 2772 1416 2838 edi·

223 2880 347 2944 toribus
362 2899 529 2964 perperam
546 2881 594 2946 sic
615 2881 754 2963 scriptus
774 2887 836 2946 est:
858 2873 940 2946 ‘nisi
954 2879 1119 2964 fugissem,
1143 2881 1294 2962 medium,
1313 2885 1418 2963 credo,

225 2979 489 3072 praemorsisset'.
527 2990 657 3055 minime
677 2981 847 3056 ‘medium’
879 3010 951 3056 cum
976 2981 1233 3076 ‘praemordere'
1268 2991 1418 3074 coniungi

224 3097 338 3180 licet2).
382 3117 495 3164 versus
528 3099 712 3164 necessario
746 3101 792 3165 sic
825 3099 1040 3166 restituendus
1059 3107 1136 3166 est:
1162 3093 1240 3166 ‘nisi
1264 3101 1417 3184 fugissem
1504 3093 1506 3099 ’

223 3207 253 3270 in
277 3205 429 3283 medium,
459 3207 556 3273 credo
578 3199 840 3291 praemorsisset'
864 3209 968 3275 idest
996 3208 1076 3276 ‘nisi
1098 3208 1253 3294 fugissem
1275 3229 1315 3275 ex
1338 3211 1419 3276 aede

223 3316 254 3379 in
279 3305 444 3395 medium',
467 3335 570 3399 aeque
592 3337 631 3383 ac
652 3316 742 3402 Oapt.
766 3318 837 3397 649,
861 3318 970 3384 Allan.
995 3321 1055 3384 168
1077 3319 1197 3385 dictum
1221 3328 1278 3386 est.
1323 3339 1426 3402 quarn·

224 3423 490 3507 significationem
514 3425 614 3491 medii
629 3427 764 3492 voculae
779 3428 920 3492 alienam
937 3428 1083 3493 aPlauto
1098 3429 1276 3495 recentiore
1293 3428 1418 3494 demum

224 3539 366 3619 tempore
394 3535 427 3598 in
458 3553 548 3600 usum
571 3535 700 3601 venisse
723 3535 953 3602 demonstravit
975 3537 1147 3620 Langenns
1169 3532 1336 3621 ‘Beitrbge
1363 3559 1419 3604 cur

226 3639 335 3706 Kritik
369 3640 433 3708 und
463 3643 647 3727 Erkl'arung
681 3643 738 3710 des
761 3637 908 3710 Plautus’
935 3665 966 3728 p.
990 3647 1050 3710 222
1059 3646 1093 3724 3).
1137 3653 1273 3731 apparet
1305 3647 1418 3713 ecdem

226 3749 294 3815 iure
317 3769 379 3832 quo
394 3751 543 3818 Colacem
566 3759 755 3835 ceterasque
778 3756 873 3820 etiam
897 3754 978 3820 hanc
1006 3761 1173 3837 utramque
1200 3756 1342 3821 fabulam
1364 3757 1418 3821 ab¹

225 3963 424 3973 ——

330 4071 632 4142 unsaramma.
657 4075 693 4130 ad
718 4075 795 4129 Trin.
821 4093 845 4130 v.
870 4077 922 4129 290
942 4075 1020 4145 Capt.
1039 4094 1064 4130 v.
1086 4075 1146 4144 148,
1178 4076 1305 4132 conferas
1333 4077 1419 4132 etiarn

225 4165 508 4224 LuebbertiGrarum.
520 4169 598 4226 Stud.
617 4171 643 4224 11
661 4189 688 4242 p.
702 4174 751 4226 102
762 4189 802 4242 sq.
822 4202 855 4211 -
874 4173 1012 4228 diversam
1030 4174 1195 4228 sententiam
1214 4174 1324 4243 profert
1336 4174 1420 4228 Drac-

226 4281 308 4334 gerus
326 4263 431 4318 Hister.
449 4261 555 4334 Syntax
573 4266 599 4320 d.
619 4267 667 4321 lat.
687 4266 809 4336 Spracbe
829 4265 873 4320 112
891 4286 918 4336 p.
938 4268 999 4322 392.

325 4361 354 4430 2)
373 4361 505 4415 Conferas
524 4362 606 4416 modo
625 4362 683 4416 Mil.
703 4380 729 4415 v.
750 4367 801 4418 318
819 4362 894 4418 ‘Non
913 4368 944 4418 tu
976 4365 1029 4418 tibi
1048 4365 1130 4419 istam
1154 4368 1346 4434 praetruncari
1370 4368 1420 4422 liu·
1477 4409 1478 4412 ,

225 4475 308 4526 guam
327 4457 512 4528 largiloquam
532 4455 619 4514 iubes'
643 4464 671 4514 et
683 4459 795 4516 Trucul.
811 4480 836 4516 v.
854 4465 906 4516 614
925 4460 1033 4532 ‘Tange
1050 4462 1145 4516 modo:
1165 4463 1221 4516 iam
1239 4463 1284 4517 hic
1302 4481 1354 4533 ego
1373 4465 1420 4518 ted

226 4571 330 4624 agnum
350 4553 450 4609 faciam
471 4559 499 4609 et
518 4556 640 4610 medium
659 4556 861 4612 distruncabo'.

324 4653 352 4719 3)
374 4649 522 4720 Langenus
542 4651 723 4720 Captivorum
742 4671 851 4706 versum
870 4653 956 4708 etiarn
981 4654 1016 4706 ob
1045 4655 1113 4709 alias
1141 4671 1236 4709 causas
1263 4660 1419 4724 suspectum

227 4751 300 4800 recte
319 4751 350 4800 ut
368 4747 568 4815 interpolatum
587 4748 675 4803 eiecit.
1417 4743 1421 4758 ¹
