3626 5530
760 498 801 518 .-
836 437 872 524 ιι
908 431 980 510 -’

692 667 869 734 XXXVIII
889 669 937 749 (B.
961 667 1016 751 39)

404 798 465 861 ego
488 777 537 843 ilii
558 797 678 843 veneer

771 919 920 986 XXXIX

404 1029 520 1096 Vindm
544 1049 724 1114 precamur.
767 1049 841 1095 nam
865 1029 917 1097 hie
939 1030 1019 1097 deuo
1044 1031 1197 1115 praesens
1219 1029 1322 1097 adest.

807 1171 883 1237 XL

403 1309 538 1345 rm-.
573 1283 668 1365 siqua
701 1281 783 1348 forte
817 1281 924 1349 cdntio
958 1288 1016 1365 est,

405 1390 465 1457 Vbi
489 1390 560 1456 eum
583 1390 706 1458 hietare
728 1389 870 1457 nondum
892 1391 936 1456 mi
960 1392 994 1456 in
1015 1391 1153 1457 mentem
1176 1389 1274 1456 venit.

348 1702 527 1767 XXXVIII
550 1699 723 1766 Diomedes
746 1721 776 1786 p.
797 1701 868 1779 368,
893 1702 933 1765 25
952 1701 991 1766 K.
1012 1707 1061 1767 est
1083 1707 1190 1768 tamen
1214 1701 1302 1787 apud
1325 1707 1449 1768 veteres

251 1832 397 1879 vereor
418 1818 450 1878 et
473 1809 659 1877 venditus
683 1830 772 1888 sum,
798 1815 830 1876 et
852 1807 941 1894 apud
963 1807 1125 1876 Plautum:
1150 1831 1211 1893 ego
1233 1832 1260 1877 e.
1285 1832 1315 1894 q.
1335 1831 1360 1877 s.

348 1945 494 2012 XXXIX
516 1945 690 2012 Diomedes
714 1963 745 2027 p.
761 1945 833 2019 458,
850 1946 890 2008 23
904 1945 944 2010 Κ.
968 1996 996 2011 ..
1015 1994 1021 2009 .
1037 1945 1106 2010 vult
1122 1946 1208 2011 enim
1222 1935 1449 2030 per²0ererem

252 2075 365 2138 panem
389 2054 537 2138 intelligi,
560 2074 618 2142 per
647 2053 830 2119 Liberum
860 2052 1006 2138 vinum,
1034 2074 1092 2137 per
1114 2055 1271 2120 Venerem
1301 2055 1449 2121 concubi·

255 2171 333 2229 tum:
356 2185 413 2249 per
435 2167 596 2230 inventum
619 2163 839 2230 subiectumve
869 2165 1067 2230 inventorem
1094 2163 1352 2230 dominantemve
1385 2164 1446 2230 sic:

253 2273 358 2338 vinum
382 2293 408 2339 e.
431 2294 458 2356 q.
483 2293 507 2339 s.
552 2273 684 2339 Servius
707 2271 750 2337 ad
769 2273 851 2338 Aen:
874 2272 981 2354 1‚724
1002 2280 1033 2338 et
1054 2273 1131 2338 vino
1153 2280 1320 2353 coronant;
1357 2275 1448 2339 vina

251 2403 308 2468 pro
331 2384 488 2466 poculis
512 2383 630 2468 posuit,
654 2389 686 2450 ct
707 2389 756 2449 est
770 2390 881 2467 tropus
896 2382 1107 2468 synecdoche,
1137 2390 1171 2450 ut
1191 2383 1341 2470 Cererem
1364 2382 1446 2448 dici·

250 2513 321 2558 mus
356 2514 414 2577 pro
449 2494 616 2560 frumento.
660 2492 709 2560 sic
740 2493 887 2559 Plautus:
920 2493 1029 2560 vinum
1057 2513 1083 2559 e.
1112 2514 1143 2575 q.
1171 2512 1197 2558 s.
1242 2494 1362 2560 Donati
1383 2493 1446 2560 Ars

251 2623 352 2685 grem.
373 2623 403 2686 p.
417 2604 489 2678 400,
513 2603 530 2666 7
547 2603 586 2668 K.
602 2601 798 2684 metonymia
819 2607 868 2668 est
885 2600 1010 2679 [dictio]
1034 2601 1193 2684 quaedam
1216 2602 1318 2668 veluti
1345 2609 1444 2668 trans·

250 2711 435 2778 nominatio.
481 2713 574 2779 huius
607 2710 726 2778 multoe
746 2717 833 2776 'sunt
853 2711 989 2794 speeies.
1034 2716 1090 2779 eut
1112 2713 1197 2778 enim
1221 2731 1280 2795 per
1304 2711 1339 2776 id
1360 2711 1446 2794 quod

252 2823 394 2887 eontinet
427 2821 460 2886 id
493 2821 578 2905 quod
610 2821 791 2888 continetur
812 2819 962 2900 ostendit,
993 2828 1029 2886 ιιι
1047 2812 1158 2887 ‘nuno'
1180 2870 1187 2887 .
1211 2869 1250 2886 ..
1292 2827 1349 2888 aut
1374 2841 1445 2888 oon-

249 2938 299 2995 tre
319 2937 355 2996 ut
373 2924 466 2999 ‘vina
490 2921 660 2996 comneni·
682 2935 737 2994 aut
758 2949 816 3014 per
837 2932 1033 2996 inventorem
1049 2929 1085 2994 id
1107 2928 1193 3012 quod
1210 2930 1373 2996 inventum
1398 2937 1446 2996 est

251 3039 420 3122 [ostendit]
449 3047 484 3106 ιιι
505 3031 595 3106 ‘sine'
611 3089 617 3104 .
633 3089 659 3103 ..
696 3045 751 3107 aut
777 3045 888 3106 contro
909 3046 945 3107 ut
968 3029 1100 3105 ‘vinum’
1122 3059 1149 3105 e.
1175 3058 1204 3122 q.
1231 3061 1257 3106 s.
1284 3040 1445 3125 ¹Pompeii

250 3149 369 3216 Oomm.
391 3172 422 3234 p.
446 3150 519 3231 307,
541 3149 614 3214 IK.
649 3155 706 3214 aut
727 3149 768 3216 ab
792 3151 956 3216 inventore
987 3149 1021 3214 id
1044 3149 1129 3232 quod
1152 3151 1315 3216 inventum
1339 3155 1445 3215 estut

246 3249 338 3326 ‘sine’
361 3309 368 3323 .
392 3307 431 3322 ..
485 3265 541 3325 aut
570 3258 789 3333 econtrario,
824 3257 858 3322 id
885 3249 1093 3324 est‘vinum'
1119 3279 1197 3341 eq.
1221 3279 1246 3324 s.
1300 3258 1444 3324 Isidorus

249 3368 338 3453 Orig.
356 3369 381 3449 I,
404 3370 454 3449 37,
476 3370 545 3433 9at
567 3373 679 3434 contra
702 3387 758 3449 per
781 3367 943 3434 inventum
960 3369 1156 3434 inventorem
1181 3367 1388 3461 demonstrat,
1410 3374 1445 3432 ιιι

248 3476 373 3544 ‘vinum
389 3467 572 3562 precamur'
593 3496 651 3561 pro
667 3475 819 3559 Libero,
841 3476 1038 3559 quirinum
1054 3476 1141 3560 apud
1153 3476 1294 3544 Graecos
1310 3477 1443 3543 invenit.

345 3611 402 3676 XL
425 3610 598 3678 Diomedes
615 3631 646 3694 p.
662 3611 733 3693 345,
748 3610 768 3674 4
782 3611 821 3676 Κ.
844 3610 959 3677 hiare
982 3618 1014 3677 et
1036 3610 1195 3678 hictere
1218 3619 1341 3678 veteres
1354 3611 1442 3678 dixe·

249 3727 330 3787 runt.
373 3722 505 3788 Plautus
536 3720 695 3804 (pluuntur
716 3719 750 3786 B
782 3720 909 3804 plautus
932 3725 997 3786 ccii.
1021 3720 1106 3785 omis.
1129 3720 1326 3804 Praedium:
1350 3723 1444 3806 eiquo

248 3850 275 3896 e.
297 3850 326 3912 q.
349 3851 373 3896 s.

247 4148 301 4185 esse
328 4129 442 4185 uidetur.
479 4131 510 4186 de
537 4129 668 4185 donicum
695 4130 745 4197 cfr.
774 4129 917 4185 Ritschele'i
941 4129 1040 4200 Opusc.
1061 4131 1099 4185 ΙΙ
1114 4149 1144 4200 p.
1162 4137 1224 4188 241.
1315 4133 1367 4187 265
1391 4133 1442 4202 cfr.

246 4227 426 4283 Buechelercs
445 4227 519 4280 Mus.
539 4227 624 4282 Rieu.
639 4227 801 4282 XXXVII
815 4244 843 4296 p.
862 4230 922 4282 517.
992 4229 1045 4282 266
1065 4245 1152 4298 egone
1171 4249 1192 4288 ς.
1259 4232 1311 4283 267
1329 4213 1441 4298 praeca-

246 4341 309 4376 mur
328 4323 419 4378 Diom.
438 4324 475 4376 M
489 4341 637 4392 precamur
657 4325 684 4378 B
703 4341 847 4394 precemur
867 4343 879 4382 ς
897 4341 1042 4392 precemur
1060 4323 1218 4380 Setucodd.
1237 4330 1368 4395 precetur
1381 4326 1442 4382 Dc-

245 4419 308 4473 uctc'
325 4419 346 4473 S
361 4436 508 4488 precamur
527 4436 548 4473 s.
567 4419 659 4488 Pomp.
679 4420 706 4472 P
728 4419 884 4488 (precemur
904 4421 977 4487 cett.)
996 4419 1132 4476 Isidorus.
1190 4423 1242 4476 268
1262 4423 1358 4478 concio
1379 4423 1407 4478 B

246 4517 298 4568 269
322 4534 385 4570 eum
407 4514 483 4570 codd.
509 4515 632 4570 nondum
657 4514 687 4568 in
709 4515 785 4570 codd.
808 4516 931 4570 nondum
956 4517 995 4570 mi
1018 4517 1048 4570 in
1067 4517 1245 4574 Buechelerus
1263 4525 1355 4576 mente
1376 4520 1445 4576 AM

246 4613 324 4666 venii
351 4612 428 4668 codd.
463 4612 572 4666 venerit
605 4611 762 4681 Spropeu'os
795 4611 892 4667 Goecc'l.
922 4612 992 4668 Stoi.
1020 4614 1119 4683 froom.
1145 4631 1175 4683 p.
1194 4619 1237 4672 68.
1273 4634 1321 4673 cur
1349 4635 1441 4672 ocsus
