3626 5530
924 515 1098 570 ..42-

569 795 721 862 Insanum
742 793 838 860 valde
860 685 1144 878 uterqnevdeamat
1163 825 1225 862 ι..-

486 1015 527 1079 85
570 1013 715 1080 Scrattae
737 1012 950 1098 scrupipedac
971 904 1167 1082 sldlltivillae
1188 1013 1347 1082 sdrdidae.

973 1123 1052 1189 Vlll

565 1203 684 1316 llcquis
708 1233 769 1298 hnc
792 1231 883 1300 effert
904 1233 1118 1300 nassiternam
1140 1233 1212 1300 crim
1232 1253 1317 1318 aqua
1339 1235 1409 1302 sine
1426 1236 1608 1320 suffragio?

417 1445 492 1510 bant
514 1444 655 1524 infir[ma
677 1453 709 1511 et
730 1444 863 1526 teunial.
908 1445 1040 1512 Plautus
1063 1447 1095 1511 in
1118 1446 1231 1512 Persa:
1253 1446 1297 1512 ad
1318 1467 1345 1514 e.
1368 1466 1398 1529 q.
1421 1467 1445 1512 ιι.
1468 1444 1555 1512 idem
1574 1449 1608 1512 in

414 1553 605 1620 Neruolaria
627 1555 1608 1640 vinnmaitsublestissimum,quiainlirmoslaciatrel

415 1683 549 1748 corpore
572 1665 623 1730 vel
645 1664 763 1730 animo.
806 1665 888 1730 idem
914 1663 1004 1729 tttrdo
1025 1664 1154 1744 fabulae
1179 1667 1291 1730 omisso
1320 1671 1421 1732 certat
1442 1687 1494 1747 ap.
1519 1663 1607 1731 Paul.

333 1857 340 1864 ι
389 1775 394 1787 ’
416 1791 446 1856 p.
467 1773 538 1848 295,
561 1775 589 1836 5.
633 1772 678 1838 Vl
700 1773 823 1840 Nonius
847 1793 879 1857 p.
904 1773 973 1846 127,
996 1775 1035 1838 25
1051 1773 1092 1838 Μ.
1119 1776 1305 1842 insanum
1330 1796 1388 1859 pro
1414 1775 1538 1856 insane,
1562 1781 1606 1840 =nt

416 1879 554 1944 immane
585 1899 643 1965 pro
670 1881 858 1946 immaniter.
902 1881 1035 1946 Plautus
1059 1881 1250 1948 Neruolaria
1273 1882 1395 1958 (Neruo
1416 1883 1532 1962 codd.):
1562 1883 1608 1946 in-

415 2007 528 2053 sanum
550 2008 576 2053 e.
599 2009 629 2071 q.
652 2011 676 2054 s.
721 1989 782 2054 Vll
806 1989 930 2055 Gellius
954 1990 1012 2071 ΙΙΙ,
1035 1991 1065 2068 3,
1088 1992 1107 2054 6
1129 1989 1309 2056 Favorinus
1340 2011 1466 2074 quoqne
1489 1999 1606 2073 noster,

415 2117 486 2163 eum
520 2097 742 2164 Nervulariam
774 2098 881 2162 Plauti
912 2100 1061 2180 legerem,
1095 2118 1179 2181 qnae
1213 2100 1295 2164 iuter
1328 2101 1467 2166 incertas
1499 2099 1609 2165 habita

414 2214 472 2287 est,
495 2214 527 2272 et
548 2207 693 2274 audisset
716 2227 756 2272 ex
780 2228 819 2273 ea
840 2207 1006 2272 comoedia
1028 2227 1154 2272 versum
1178 2207 1275 2272 huuc:
1296 2217 1469 2274 scrattae
1490 2229 1517 2274 e.
1536 2229 1567 2292 q.
1583 2229 1608 2276 s.

416 2313 593 2380 delectatus
626 2316 732 2382 faceta
764 2315 933 2380 uerborum
955 2316 1157 2398 antiquitate,
1185 2317 1385 2381 meretricum
1409 2319 1490 2382 vitia
1511 2325 1607 2400 atque

417 2423 639 2490 deformitates
663 2425 915 2509 significantium
937 2423 1002 2489 ‘vel
1025 2445 1106 2490 unus
1129 2424 1250 2490 bercle'
1284 2426 1388 2508 iuquit
1407 2420 1475 2492 ‘bic
1497 2446 1609 2492 versus

415 2531 522 2599 Plauti
544 2552 615 2599 esse
637 2533 720 2600 bane
742 2535 885 2600 fabulam
907 2535 987 2600 satis
1010 2542 1115 2617 potest
1136 2533 1212 2600 tidci
1236 2535 1381 2601 l'eeisse’.
1438 2535 1541 2601 Varro
1564 2536 1602 2602 de

414 2643 433 2707 l.
451 2643 470 2706 l.
494 2641 565 2724 Vll,
588 2643 627 2708 65
650 2644 735 2724 (post
770 2663 876 2708 ceraue
907 2641 1103 2708 Cistellarioe
1133 2643 1269 2723 adlatos)
1292 2644 1433 2710 ibidem:
1472 2646 1608 2711 scraties

415 2769 441 2816 e.
463 2771 492 2834 q.
515 2771 540 2816 s.
563 2751 605 2816 ab
627 2751 807 2817 excreando
829 2753 1002 2818 scraties
1025 2753 1072 2817 sic
1095 2752 1312 2836 adsignificat.
1355 2754 1609 2837 scruppidam

415 2860 565 2926 Aurelius
600 2859 710 2924 scribit
738 2860 779 2924 ab
802 2859 993 2944 scauripeda
1028 2861 1279 2947 (auscanripeda
1298 2862 1397 2940 Han
1442 2861 1608 2928 luventius

415 2970 553 3036 comicus
588 2968 716 3036 dicebat
751 2990 772 3034 a
806 2971 979 3036 vermiculo
1010 2971 1125 3054 piloso,
1158 2972 1214 3052 qni
1242 2971 1325 3036 solet
1345 2991 1415 3036 esse
1439 2972 1471 3034 iu
1494 2971 1608 3037 fronde

415 3097 485 3143 cnm
507 3079 616 3145 multis
640 3079 787 3162 pedibus,
816 3079 966 3146 Valerius
997 3099 1018 3143 a
1040 3077 1123 3162 pede
1146 3099 1183 3144 ac
1206 3098 1349 3163 scrupea.
1395 3099 1436 3144 ex
1457 3100 1495 3145 ec
1518 3079 1609 3145 Accii

416 3189 556 3271 positum
579 3209 606 3254 e.
629 3211 659 3273 q.
682 3211 706 3255 s.
748 3190 1007 3255 strittabillas
1039 3211 1060 3255 a
1089 3189 1283 3255 strittilandc
1316 3189 1533 3270 (strettilaudo
1558 3192 1610 3273 F),

416 3297 557 3362 strittare
593 3300 635 3364 ab
662 3317 699 3363 ec
729 3298 784 3379 qui
811 3298 898 3364 sistit
916 3317 1022 3379 aegre.
1086 3297 1210 3363 Nouius
1232 3319 1261 3381 p.
1287 3299 1355 3382 169,
1378 3298 1449 3364 oli.
1473 3319 1610 3384 scrap-

416 3415 491 3487 tes,
522 3405 752 3492 scrupedas,
786 3406 1069 3483 strietivellas,
1107 3407 1312 3489 exprobratio
1349 3407 1421 3472 vitii
1459 3415 1514 3472 aut
1553 3408 1610 3474 de·

415 3516 587 3583 formitatis
615 3515 826 3582 meretricum.
869 3516 1002 3581 Plautus
1025 3516 1204 3582 Aulularia:
1227 3525 1372 3582 escratao
1394 3536 1421 3581 e.
1444 3537 1475 3599 q.
1498 3537 1523 3582 s.

417 3624 494 3692 Vlll
533 3625 648 3692 Festus
680 3647 710 3709 p.
741 3625 815 3707 loe,
850 3627 884 3690 ll
914 3624 955 3688 Μ.
1000 3625 1278 3691 nassiterna
1315 3633 1363 3690 cst
1399 3646 1500 3707 genus
1538 3628 1609 3692 vasi

416 3737 529 3818 aquari
559 3736 664 3800 ansati
697 3740 729 3801 et
762 3737 910 3819 patentis,
942 3735 1037 3816 quale
1065 3740 1199 3818 estque
1224 3736 1299 3817 equi
1322 3735 1473 3817 perfundi
1495 3738 1608 3803 solent

414 3953 557 4008 restituere
582 3957 698 4008 conatae
719 3958 758 4008 eet
781 3969 899 4008 cosma:
924 3953 1051 4007 infirmos
1074 3953 1140 4021 quie
1164 3953 1208 4008 vel
1231 3953 1348 4020 corpor-e
1367 3953 1411 4007 vel
1430 3953 1523 4008 animb
1540 3953 1609 4007 iacit

414 4055 485 4105 recte
502 4049 660 4118 repudiauit
678 4049 834 4104 Muellerus.
908 4051 943 4103 84
961 4050 1087 4104 insanum
1106 4049 1187 4104 valde
1207 4049 1284 4104 codd.
1295 4049 1377 4104 valde
1393 4050 1469 4104 omia.
1484 4049 1609 4118 Eprius.

414 4147 466 4214 cfr.
486 4145 663 4201 Bmcbclerua
684 4146 722 4200 nd
743 4145 846 4200 Patron.
870 4163 898 4216 p.
918 4151 961 4210 81,
984 4149 1023 4200 14.
1063 4145 1096 4199 de
1116 4146 1247 4200 insanum
1269 4161 1322 4199 ιιιιι
1344 4162 1368 4200 ιι.
1387 4144 1514 4215 Seyfferti
1530 4145 1609 4200 stud.

417 4239 510 4298 Plura.
528 4259 557 4312 p.
575 4245 612 4297 21
629 4259 668 4311 ap.
731 4243 766 4296 85
791 4247 894 4298 acratte
918 4241 1001 4298 Gellii
1016 4241 1081 4296 PR
1101 4245 1206 4296 soracte
1231 4241 1373 4299 sacratico
1396 4241 1528 4296 Varronis
1548 4241 1613 4296 HF

416 4339 535 4393 caratiae
554 4338 581 4391 B
610 4343 733 4393 sacratae
752 4337 839 4394 Nonii
867 4336 939 4392 codd.
969 4341 1090 4392 seraitae
1117 4335 1282 4392 Ritacbeb'ua
1306 4335 1419 4405 Parerp.
1437 4353 1465 4404 p.
1486 4339 1539 4391 174
1556 4337 1609 4402 cfr.

418 4435 575 4491 Rrbbeclrr'as
603 4435 698 4490 Uorell.
720 4435 757 4490 ad
778 4451 845 4490 eom.
868 4432 918 4503 (r.2
940 4449 968 4503 p.
987 4433 1087 4488 LVII.
1124 4432 1258 4502 acrupede
1284 4431 1367 4488 Gellii
1397 4432 1474 4488 codd
1503 4449 1611 4502 rnppac

417 4531 475 4586 idea
500 4531 630 4588 Varronis
646 4531 720 4586 codd.
740 4531 787 4586 scd
807 4531 985 4600 scrnppidem
999 4529 1084 4585 altero
1103 4530 1159 4584 loco
1176 4528 1316 4597 empsdae
1333 4528 1422 4583 Nonii
1439 4528 1516 4584 codd
1535 4547 1609 4584 seru·

417 4628 503 4698 pedae
525 4627 668 4700 Scioppius
692 4628 858 4699 scrnppidae
885 4625 1042 4697 sparpalia
1069 4625 1250 4696 scrupipedae
1278 4625 1423 4681 Muellerus
1447 4625 1610 4682 Bitscbelr'us

417 4726 596 4798 acrabipedae
618 4726 744 4784 Loewiua
763 4725 862 4780 Prodr.
882 4741 912 4794 p.
931 4729 987 4780 281
998 4741 1037 4794 sp.
1050 4724 1165 4793 plausum
1178 4723 1337 4794 scrapedns:
1369 4722 1510 4778 scabiosus
1532 4722 1609 4776 adbi-
