3626 5530
739 523 915 575 ..69-

708 687 806 756 XXX
827 690 876 767 (Β.
900 691 954 769 36)

382 801 509 869 thocum

696 927 809 992 xxxi
831 928 885 1005 (a.
906 925 961 1010 ao)

382 1057 540 1124 vesperna

769 1167 893 1234 XXXII

382 1281 505 1347 Gellius
527 1280 581 1360 IV,
603 1280 632 1355 7,
656 1281 671 1343 l
695 1277 844 1346 Valerius
866 1279 989 1345 Probus
1012 1278 1277 1345 -Hannibalem
1299 1285 1332 1344 et
1346 1280 1428 1346 Has-

331 1390 497 1456 drubalem
520 1395 552 1456 et
575 1388 790 1454 Hamilcarem
810 1390 856 1452 ita
879 1388 1119 1471 pronuntiabat,
1142 1396 1177 1453 ut
1198 1388 1428 1471 paenultimam

332 1497 604 1581 circumflecteret,
637 1502 718 1564 teste
747 1497 886 1577 epistula
916 1496 1136 1580 eius'scripta
1167 1497 1209 1562 ad
1231 1495 1427 1580 Marcellum,

334 1610 367 1674 ln
390 1629 454 1692 qua
470 1608 619 1672 Plautum
642 1614 674 1672 et
689 1607 828 1672 Ennium
844 1607 1023 1689 multosque
1039 1607 1121 1672 alios
1141 1612 1318 1672 veterasco
1334 1605 1428 1672 ruodo

332 1716 556 1801 pronuntiasse
577 1716 728 1798 affirmat,
751 1715 851 1780 solius
869 1719 976 1780 tamen
998 1713 1096 1781 Ennii
1117 1735 1245 1781 versum
1261 1734 1358 1780 unum
1373 1734 1428 1800 po·

332 1827 381 1893 nit
403 1847 444 1893 ex
465 1825 559 1906 libro,
581 1825 638 1908 qui
663 1824 774 1906 Scipio
798 1822 991 1890 inscribitur.
1033 1871 1036 1876 -

645 2024 648 2030 .
680 1974 828 2040 XXXIII
851 1975 901 2053 (B.
923 1973 977 2056 54)

233 2089 293 2150 266
383 2085 418 2150 Α.
443 2085 530 2164 Quid
551 2085 619 2151 est?
662 2086 697 2150 B.
730 2085 799 2151 Hoc
826 2089 920 2166 rugat
941 2083 1086 2167 pallium,
1111 2085 1247 2150 amIctus
1270 2104 1332 2149 nou
1357 2105 1426 2151 surn

629 2192 804 2260 commode.

325 2481 424 2546 XXX
448 2480 569 2548 Paulus
592 2500 622 2563 p.
647 2480 718 2555 367,
740 2478 816 2544 SM.
838 2477 988 2545 tboeum
1018 2498 1119 2561 genus
1150 2479 1251 2546 sellae
1287 2477 1423 2544 habetur

231 2589 320 2676 apud
342 2590 501 2656 Plautum.
886 2629 889 2636 -

328 2700 442 2764 XXXI
464 2700 583 2764 Paulus
606 2719 636 2782 p.
655 2699 726 2780 368,
748 2699 767 2762 8
790 2697 830 2761 Μ.
854 2717 1050 2781 vesperna
1073 2696 1159 2780 apud
1175 2698 1323 2763 Plautum
1346 2718 1426 2796 cena

230 2808 430 2892 intelligitur.

326 2915 467 2982 XXXIII
489 2915 613 2983 Gellius
627 2917 667 2983 N.
683 2918 722 2980 A.
740 2915 861 2998 XVIII,
887 2918 934 2999 12,
960 2918 976 2982 1
1001 2917 1041 3003 id¹
1057 2893 1184 3001 quoque
1206 2915 1352 2982 habitum
1375 2921 1424 2981 est

229 3025 262 3090 in
285 3025 429 3090 oratione
452 3025 602 3091 facienda
623 3025 805 3108 elegantiae
827 3045 938 3109 genus,
962 3033 995 3092 ut
1017 3047 1074 3110 pro
1097 3026 1205 3091 verbis
1227 3023 1421 3091 habentibus

185 3143 187 3148 '
229 3135 373 3219 patiendi
395 3135 531 3218 figuram
554 3137 685 3220 agentia
708 3144 864 3222 ponerent
882 3158 920 3202 ac
942 3136 1061 3204 deinde
1076 3137 1156 3202 haec
1171 3136 1241 3202 vice
1257 3137 1339 3200 inter
1352 3153 1424 3200 sese

229 3250 340 3309 mutua
362 3237 531 3310 verterent.
569 3245 734 3311 Iuventius
759 3247 792 3311 in
811 3247 982 3312 'comoedia
1007 3235 1176 3330 ‘pallium'
1197 3244 1302 3327 inquit
1322 3241 1423 3308 ‘flocci
1511 3291 1513 3295 ι

230 3353 344 3435 [facio]
370 3361 404 3421 ut
425 3345 619 3438 splendeat'.
663 3376 769 3422 nonne
792 3355 852 3422 boc
872 3357 1024 3440 inpendio
1041 3358 1206 3422 venustius
1235 3355 1424 3439 gratiusque

229 3470 286 3545 est,
319 3484 414 3546 quam
442 3464 470 3530 si
504 3456 873 3531 diceret‘maeuletur'?
912 3466 1044 3532 Plautus
1066 3467 1164 3532 etiarn
1191 3486 1254 3531 non
1277 3463 1422 3530 dissimi-

228 3573 314 3638 liter:
337 3572 479 3656 quidest
499 3593 524 3640 e.
547 3594 577 3656 q.
602 3594 626 3639 s.

226 3869 282 3924 eoa.
293 3868 390 3922 suillus
399 3883 466 3923 corr.
478 3867 602 3932 Vrsinus,
614 3867 692 3923 caius
699 3875 872 3924 commatum
881 3869 1083 3924 ventersuillus
1096 3870 1233 3924 ..zdioum
1243 3886 1294 3924 suo
1308 3869 1423 3924 nomine

228 3963 394 4033 scrutillum,
413 3981 464 4035 ego
483 3981 527 4018 mo
545 3964 667 4019 hodie...
678 3963 701 4018 si
720 3963 788 4034 quid
806 3969 885 4034 esset,
909 3965 985 4034 quod
1003 3981 1112 4019 comesa
1130 3966 1204 4020 farte
1222 3965 1348 4020 biberem
1366 3965 1422 4021 Bo·

226 4057 299 4116 tba‘as
314 4059 413 4130 paucis
431 4060 544 4117 mutatis
563 4060 670 4130 reecpit.
699 4103 705 4115 .
726 4099 732 4113 .
753 4101 759 4115 .
778 4061 887 4115 inillam
907 4061 964 4116 eod.
984 4062 1141 4116 scr-utillum
1159 4079 1218 4116 eum
1240 4062 1339 4116 Vraiao
1357 4061 1421 4117 aeri-

226 4157 338 4212 beadum
355 4163 406 4225 est;
425 4157 474 4224 cfr.
494 4157 586 4226 plausa
603 4157 634 4212 ia
654 4155 760 4212 Lcewii
779 4157 876 4212 hadr.
893 4175 921 4227 p.
940 4163 999 4215 282
1017 4159 1158 4214 scrutillus
1171 4159 1345 4214 ventriculus
1364 4158 1421 4212 far·

227 4258 280 4310 tus.
315 4259 371 4310 tres
388 4255 491 4309 amarit
508 4254 633 4310 adeatur
651 4255 745 4323 suasae,
772 4255 887 4310 maaca
905 4255 944 4309 eie
959 4260 1040 4325 potes
1058 4256 1174 4324 explere:
1195 4255 1299 4310 Venter
1322 4255 1420 4308 suillus

226 4350 413 4404 distribuatur
439 4351 574 4418 pluribus.
612 4351 644 4404 B.
671 4349 773 4404 Totum
801 4351 958 4405 scrutillum
977 4368 1028 4421 ego
1053 4369 1097 4404 me
1116 4351 1199 4405 hodie
1219 4370 1331 4407 esurum
1349 4352 1419 4406 reci·

226 4463 329 4514 penem,
349 4446 378 4501 Si
398 4446 471 4515 quod
491 4465 598 4502 comesa
617 4447 689 4502 farte
707 4447 832 4501 biberem
850 4452 921 4502 esset
940 4447 1015 4501 mihi.
1088 4449 1141 4501 267
1168 4447 1199 4502 ra
1225 4453 1265 4502 cat
1283 4449 1376 4501 θῶκον

227 4545 279 4598 269
307 4543 523 4599 cuccumellum
545 4545 676 4614 syllabam
703 4544 837 4614 proclamat
863 4545 950 4600 Varro
967 4549 1053 4600 eatur.
1072 4561 1096 4600 o.
1115 4550 1170 4600 213
1182 4544 1217 4598 B.
1291 4546 1343 4598 266
1356 4562 1419 4614 per·

226 4655 308 4694 sonas
326 4640 466 4695 distabuit
484 4638 669 4694 Baeebelems.
707 4641 774 4709 quid
798 4641 850 4695 hoc
869 4645 911 4694 est
931 4640 1077 4712 Seyffertau
1095 4641 1192 4696 stuata
1211 4641 1306 4695 Plaat.
1321 4659 1351 4710 p.
1372 4646 1417 4697 29.

226 4736 367 4790 iambicam
397 4736 561 4792 octonariam
592 4737 690 4791 statuit
722 4735 911 4792 Fleckeiseaus
933 4735 1006 4793 ‘Zur
1034 4736 1130 4792 Kritilr
1157 4736 1204 4792 der
1230 4736 1418 4807 Dichterfrap·
1466 4815 1469 4822 Δ
