<?xml version="1.0" encoding="UTF-8"?>
<!DOCTYPE html PUBLIC "-//W3C//DTD XHTML 1.0 Transitional//EN"
    "http://www.w3.org/TR/xhtml1/DTD/xhtml1-transitional.dtd">
<html xmlns="http://www.w3.org/1999/xhtml" xml:lang="en" lang="en">
 <head>
  <title>
</title>
<meta http-equiv="Content-Type" content="text/html;charset=utf-8" />
  <meta name='ocr-system' content='tesseract 3.04.00' />
  <meta name='ocr-capabilities' content='ocr_page ocr_carea ocr_par ocr_line ocrx_word'/>
</head>
<body>
  <div class='ocr_page' id='page_1' title='image "./plautifabularum00plaugoog_0038.png"; bbox 0 0 3634 5534; ppageno 0'>
   <div class='ocr_carea' id='block_1_1' title="bbox 365 784 1334 858">
    <p class='ocr_par' dir='ltr' id='par_1_1' title="bbox 365 784 1334 858">
     <span class='ocr_line' id='line_1_1' title="bbox 365 784 1334 858; baseline -0.005 -2"><span class='ocrx_word' id='word_1_1' title='bbox 365 789 534 857; x_wconf 83' lang='lat' dir='ltr'><strong>Axiticsac</strong></span> <span class='ocrx_word' id='word_1_2' title='bbox 556 788 717 857; x_wconf 80' lang='lat' dir='ltr'><strong>annonam</strong></span> <span class='ocrx_word' id='word_1_3' title='bbox 738 807 845 857; x_wconf 83' lang='lat' dir='ltr'><strong>aarum</strong></span> <span class='ocrx_word' id='word_1_4' title='bbox 868 809 887 858; x_wconf 91' lang='lat' dir='ltr'><strong>e</strong></span> <span class='ocrx_word' id='word_1_5' title='bbox 910 789 965 854; x_wconf 87' lang='lat' dir='ltr'><strong>vlli</strong></span> <span class='ocrx_word' id='word_1_6' title='bbox 987 786 1183 854; x_wconf 71' lang='lat' dir='ltr'><strong>concinnent</strong></span> <span class='ocrx_word' id='word_1_7' title='bbox 1204 784 1290 851; x_wconf 88' lang='lat' dir='ltr'><strong>viris.</strong></span> <span class='ocrx_word' id='word_1_8' title='bbox 1331 803 1334 809; x_wconf 84' lang='lat'>·</span> 
     </span>
    </p>
   </div>
   <div class='ocr_carea' id='block_1_2' title="bbox 368 906 1396 1193">
    <p class='ocr_par' dir='ltr' id='par_1_2' title="bbox 368 906 1396 1193">
     <span class='ocr_line' id='line_1_2' title="bbox 789 906 839 974; baseline 0 0"><span class='ocrx_word' id='word_1_9' title='bbox 789 906 839 974; x_wconf 92' lang='lat' dir='ltr'><strong>III</strong></span> 
     </span>
     <span class='ocr_line' id='line_1_3' title="bbox 368 1013 1396 1102; baseline -0.007 -16"><span class='ocrx_word' id='word_1_10' title='bbox 368 1020 469 1099; x_wconf 75' lang='lat' dir='ltr'><strong>Quasi</strong></span> <span class='ocrx_word' id='word_1_11' title='bbox 492 1019 609 1086; x_wconf 89' lang='lat' dir='ltr'><strong>talleno</strong></span> <span class='ocrx_word' id='word_1_12' title='bbox 631 1025 688 1085; x_wconf 88' lang='lat' dir='ltr'><strong>aut</strong></span> <span class='ocrx_word' id='word_1_13' title='bbox 710 1019 811 1102; x_wconf 89' lang='lat' dir='ltr'><strong>pllum</strong></span> <span class='ocrx_word' id='word_1_14' title='bbox 832 1035 984 1100; x_wconf 60' lang='lat' dir='ltr'><strong>maecum</strong></span> <span class='ocrx_word' id='word_1_15' title='bbox 1007 1015 1188 1099; x_wconf 78' lang='lat' dir='ltr'><strong>reciprocas</strong></span> <span class='ocrx_word' id='word_1_16' title='bbox 1202 1013 1312 1096; x_wconf 77' lang='lat' dir='ltr'><strong>plani</strong></span> <span class='ocrx_word' id='word_1_17' title='bbox 1334 1013 1396 1079; x_wconf 82' lang='lat' dir='ltr'><strong>vic.</strong></span> 
     </span>
     <span class='ocr_line' id='line_1_4' title="bbox 792 1127 835 1193; baseline -0.023 0"><span class='ocrx_word' id='word_1_18' title='bbox 792 1127 835 1193; x_wconf 91' lang='lat' dir='ltr'><strong>IV</strong></span> 
     </span>
    </p>
   </div>
   <div class='ocr_carea' id='block_1_3' title="bbox 365 1233 1133 1306">
    <p class='ocr_par' dir='ltr' id='par_1_3' title="bbox 365 1233 1133 1306">
     <span class='ocr_line' id='line_1_5' title="bbox 365 1233 1133 1306; baseline -0.008 -2"><span class='ocrx_word' id='word_1_19' title='bbox 365 1239 561 1306; x_wconf 74' lang='lat' dir='ltr'><strong>&#39;l&#39;erebrdtus</strong></span> <span class='ocrx_word' id='word_1_20' title='bbox 582 1239 716 1304; x_wconf 89' lang='lat' dir='ltr'><strong>multum</strong></span> <span class='ocrx_word' id='word_1_21' title='bbox 738 1239 793 1303; x_wconf 90' lang='lat' dir='ltr'><strong>slt:</strong></span> <span class='ocrx_word' id='word_1_22' title='bbox 816 1235 992 1302; x_wconf 79' lang='lat' dir='ltr'><strong>subscudes</strong></span> <span class='ocrx_word' id='word_1_23' title='bbox 1015 1233 1133 1301; x_wconf 76' lang='lat' dir='ltr'><strong>addite.</strong></span> 
     </span>
    </p>
   </div>
   <div class='ocr_carea' id='block_1_4' title="bbox 365 1343 831 1518">
    <p class='ocr_par' dir='ltr' id='par_1_4' title="bbox 365 1343 831 1518">
     <span class='ocr_line' id='line_1_6' title="bbox 803 1343 831 1412; baseline 0 0"><span class='ocrx_word' id='word_1_24' title='bbox 803 1343 831 1412; x_wconf 93' lang='lat' dir='ltr'>V</span> 
     </span>
     <span class='ocr_line' id='line_1_7' title="bbox 365 1433 488 1518; baseline 0.033 -21"><span class='ocrx_word' id='word_1_25' title='bbox 365 1433 488 1518; x_wconf 83' lang='lat' dir='ltr'><strong>apluds</strong></span> 
     </span>
    </p>
   </div>
   <div class='ocr_carea' id='block_1_5' title="bbox 210 1638 1478 3251">
    <p class='ocr_par' dir='ltr' id='par_1_5' title="bbox 219 1638 1409 1727">
     <span class='ocr_line' id='line_1_8' title="bbox 219 1638 1409 1727; baseline -0.004 -18"><span class='ocrx_word' id='word_1_26' title='bbox 219 1647 284 1710; x_wconf 89' lang='lat' dir='ltr'><strong>volt</strong></span> <span class='ocrx_word' id='word_1_27' title='bbox 302 1645 372 1710; x_wconf 86' lang='lat' dir='ltr'><strong>lieri</strong></span> <span class='ocrx_word' id='word_1_28' title='bbox 384 1649 486 1727; x_wconf 87' lang='lat' dir='ltr'><strong>putat;</strong></span> <span class='ocrx_word' id='word_1_29' title='bbox 504 1663 578 1708; x_wconf 89' lang='lat' dir='ltr'><strong>nam</strong></span> <span class='ocrx_word' id='word_1_30' title='bbox 590 1641 676 1724; x_wconf 92' lang='lat' dir='ltr'><strong>quod</strong></span> <span class='ocrx_word' id='word_1_31' title='bbox 688 1661 750 1707; x_wconf 93' lang='lat' dir='ltr'><strong>non</strong></span> <span class='ocrx_word' id='word_1_32' title='bbox 762 1642 838 1715; x_wconf 88' lang='lat' dir='ltr'><strong>volt,</strong></span> <span class='ocrx_word' id='word_1_33' title='bbox 854 1643 880 1705; x_wconf 94' lang='lat' dir='ltr'><strong>si</strong></span> <span class='ocrx_word' id='word_1_34' title='bbox 893 1648 994 1723; x_wconf 85' lang='lat' dir='ltr'><strong>putat,</strong></span> <span class='ocrx_word' id='word_1_35' title='bbox 1005 1640 1126 1715; x_wconf 84' lang='lat' dir='ltr'><strong>metuit,</strong></span> <span class='ocrx_word' id='word_1_36' title='bbox 1139 1658 1201 1704; x_wconf 93' lang='lat' dir='ltr'><strong>non</strong></span> <span class='ocrx_word' id='word_1_37' title='bbox 1217 1646 1333 1722; x_wconf 83' lang='lat' dir='ltr'><strong>sperat.</strong></span> <span class='ocrx_word' id='word_1_38' title='bbox 1351 1638 1409 1704; x_wconf 88' lang='lat' dir='ltr'><strong>ita-</strong></span> 
     </span>
    </p>

    <p class='ocr_par' dir='ltr' id='par_1_6' title="bbox 210 1735 1478 3251">
     <span class='ocr_line' id='line_1_9' title="bbox 220 1735 1478 1838; baseline -0.006 -17"><span class='ocrx_word' id='word_1_39' title='bbox 220 1775 279 1838; x_wconf 87' lang='lat' dir='ltr'><strong>que</strong></span> <span class='ocrx_word' id='word_1_40' title='bbox 295 1753 349 1819; x_wconf 91' lang='lat' dir='ltr'><strong>bie</strong></span> <span class='ocrx_word' id='word_1_41' title='bbox 363 1772 491 1836; x_wconf 90' lang='lat' dir='ltr'><strong>quoque</strong></span> <span class='ocrx_word' id='word_1_42' title='bbox 503 1751 557 1833; x_wconf 89' lang='lat' dir='ltr'><strong>qui</strong></span> <span class='ocrx_word' id='word_1_43' title='bbox 570 1750 682 1816; x_wconf 90' lang='lat' dir='ltr'><strong>dicunt</strong></span> <span class='ocrx_word' id='word_1_44' title='bbox 694 1752 727 1816; x_wconf 94' lang='lat' dir='ltr'><strong>in</strong></span> <span class='ocrx_word' id='word_1_45' title='bbox 738 1751 877 1816; x_wconf 79' lang='lat' dir='ltr'><strong>Astraba</strong></span> <span class='ocrx_word' id='word_1_46' title='bbox 889 1749 1053 1815; x_wconf 86' lang='lat' dir='ltr'><strong>Plautina:</strong></span> <span class='ocrx_word' id='word_1_47' title='bbox 1071 1768 1205 1832; x_wconf 79' lang='lat' dir='ltr'><strong>sequere</strong></span> <span class='ocrx_word' id='word_1_48' title='bbox 1216 1767 1312 1831; x_wconf 84' lang='lat' dir='ltr'><strong>eqs.</strong></span> <span class='ocrx_word' id='word_1_49' title='bbox 1324 1749 1409 1830; x_wconf 91' lang='lat' dir='ltr'><strong>quod</strong></span> <span class='ocrx_word' id='word_1_50' title='bbox 1477 1735 1478 1738; x_wconf 25' lang='lat'>¹</span> 
     </span>
     <span class='ocr_line' id='line_1_10' title="bbox 217 1853 1408 1945; baseline -0.003 -18"><span class='ocrx_word' id='word_1_51' title='bbox 217 1865 285 1928; x_wconf 87' lang='lat' dir='ltr'><strong>sine</strong></span> <span class='ocrx_word' id='word_1_52' title='bbox 302 1867 416 1945; x_wconf 85' lang='lat' dir='ltr'><strong>sponte</strong></span> <span class='ocrx_word' id='word_1_53' title='bbox 429 1859 549 1940; x_wconf 86' lang='lat' dir='ltr'><strong>dicunt,</strong></span> <span class='ocrx_word' id='word_1_54' title='bbox 563 1878 637 1922; x_wconf 88' lang='lat' dir='ltr'><strong>vere</strong></span> <span class='ocrx_word' id='word_1_55' title='bbox 656 1877 759 1940; x_wconf 91' lang='lat' dir='ltr'><strong>neque</strong></span> <span class='ocrx_word' id='word_1_56' title='bbox 778 1855 833 1922; x_wconf 93' lang='lat' dir='ltr'><strong>ille</strong></span> <span class='ocrx_word' id='word_1_57' title='bbox 850 1863 967 1940; x_wconf 82' lang='lat' dir='ltr'><strong>sperat,</strong></span> <span class='ocrx_word' id='word_1_58' title='bbox 986 1855 1040 1937; x_wconf 90' lang='lat' dir='ltr'><strong>qui</strong></span> <span class='ocrx_word' id='word_1_59' title='bbox 1055 1855 1140 1936; x_wconf 85' lang='lat' dir='ltr'><strong>dicit,</strong></span> <span class='ocrx_word' id='word_1_60' title='bbox 1154 1853 1343 1922; x_wconf 88' lang='lat' dir='ltr'><strong>adolescens</strong></span> <span class='ocrx_word' id='word_1_61' title='bbox 1356 1877 1408 1923; x_wconf 92' lang='lat' dir='ltr'><strong>ne·</strong></span> 
     </span>
     <span class='ocr_line' id='line_1_11' title="bbox 219 1963 1410 2054; baseline -0.006 -18"><span class='ocrx_word' id='word_1_62' title='bbox 219 1993 279 2054; x_wconf 91' lang='lat' dir='ltr'><strong>que</strong></span> <span class='ocrx_word' id='word_1_63' title='bbox 303 1971 358 2036; x_wconf 89' lang='lat' dir='ltr'><strong>illa</strong></span> <span class='ocrx_word' id='word_1_64' title='bbox 386 1975 516 2053; x_wconf 85' lang='lat' dir='ltr'><strong>sperata</strong></span> <span class='ocrx_word' id='word_1_65' title='bbox 538 1975 595 2032; x_wconf 91' lang='lat' dir='ltr'><strong>est.</strong></span> <span class='ocrx_word' id='word_1_66' title='bbox 622 1975 624 1980; x_wconf 80' lang='grc'><strong>“</strong></span> <span class='ocrx_word' id='word_1_67' title='bbox 666 1967 697 2031; x_wconf 95' lang='grc' dir='ltr'><strong>ΙΙ</strong></span> <span class='ocrx_word' id='word_1_68' title='bbox 718 1965 819 2032; x_wconf 89' lang='lat' dir='ltr'><strong>Varro</strong></span> <span class='ocrx_word' id='word_1_69' title='bbox 844 1963 883 2032; x_wconf 90' lang='lat' dir='ltr'><strong>dc</strong></span> <span class='ocrx_word' id='word_1_70' title='bbox 906 1967 925 2031; x_wconf 93' lang='lat' dir='ltr'><strong>l.</strong></span> <span class='ocrx_word' id='word_1_71' title='bbox 950 1967 968 2032; x_wconf 94' lang='grc'><strong>1.</strong></span> <span class='ocrx_word' id='word_1_72' title='bbox 993 1965 1063 2036; x_wconf 83' lang='lat' dir='ltr'><strong>Vll,</strong></span> <span class='ocrx_word' id='word_1_73' title='bbox 1083 1965 1122 2029; x_wconf 86' lang='grc'><strong>66</strong></span> <span class='ocrx_word' id='word_1_74' title='bbox 1142 1965 1181 2029; x_wconf 89' lang='grc' dir='ltr'><strong>Μ.</strong></span> <span class='ocrx_word' id='word_1_75' title='bbox 1198 1963 1358 2047; x_wconf 87' lang='lat' dir='ltr'><strong>(Plautus)</strong></span> <span class='ocrx_word' id='word_1_76' title='bbox 1377 1966 1410 2029; x_wconf 92' lang='lat' dir='ltr'><strong>in</strong></span> 
     </span>
     <span class='ocr_line' id='line_1_12' title="bbox 223 2073 1410 2158; baseline -0.004 -13"><span class='ocrx_word' id='word_1_77' title='bbox 223 2080 355 2145; x_wconf 88' lang='lat' dir='ltr'><strong>Astraba</strong></span> <span class='ocrx_word' id='word_1_78' title='bbox 373 2077 511 2153; x_wconf 88' lang='lat' dir='ltr'><strong>(astriba</strong></span> <span class='ocrx_word' id='word_1_79' title='bbox 534 2077 557 2139; x_wconf 76' lang='lat' dir='ltr'><strong>p</strong></span> <span class='ocrx_word' id='word_1_80' title='bbox 577 2074 605 2139; x_wconf 94' lang='lat' dir='ltr'><strong>H</strong></span> <span class='ocrx_word' id='word_1_81' title='bbox 629 2075 756 2141; x_wconf 84' lang='lat' dir='ltr'><strong>ascribe</strong></span> <span class='ocrx_word' id='word_1_82' title='bbox 780 2075 834 2154; x_wconf 89' lang='lat' dir='ltr'><strong>G):</strong></span> <span class='ocrx_word' id='word_1_83' title='bbox 864 2076 1062 2141; x_wconf 79' lang='lat' dir='ltr'><strong>exitiosae</strong></span> <span class='ocrx_word' id='word_1_84' title='bbox 1084 2096 1111 2140; x_wconf 91' lang='lat' dir='ltr'><strong>e.</strong></span> <span class='ocrx_word' id='word_1_85' title='bbox 1128 2096 1156 2158; x_wconf 88' lang='lat' dir='ltr'><strong>q.</strong></span> <span class='ocrx_word' id='word_1_86' title='bbox 1173 2095 1197 2140; x_wconf 91' lang='lat' dir='ltr'><strong>s.</strong></span> <span class='ocrx_word' id='word_1_87' title='bbox 1220 2075 1279 2154; x_wconf 75' lang='lat' dir='ltr'><strong>ele.</strong></span> <span class='ocrx_word' id='word_1_88' title='bbox 1304 2073 1410 2156; x_wconf 75' lang='lat' dir='ltr'><strong>plesse</strong></span> 
     </span>
     <span class='ocr_line' id='line_1_13' title="bbox 227 2176 1407 2268; baseline -0.004 -14"><span class='ocrx_word' id='word_1_89' title='bbox 227 2190 415 2255; x_wconf 82' lang='lat' dir='ltr'><strong>exitiosae</strong></span> <span class='ocrx_word' id='word_1_90' title='bbox 451 2176 756 2268; x_wconf 79' lang='lat' dir='ltr'><strong>¹eonsupplieatrices</strong></span> <span class='ocrx_word' id='word_1_91' title='bbox 795 2183 900 2250; x_wconf 88' lang='lat' dir='ltr'><strong>dietae</strong></span> <span class='ocrx_word' id='word_1_92' title='bbox 937 2205 986 2265; x_wconf 79' lang='lat' dir='ltr'><strong>ap.</strong></span> <span class='ocrx_word' id='word_1_93' title='bbox 1016 2183 1116 2250; x_wconf 87' lang='lat' dir='ltr'><strong>Loew.</strong></span> <span class='ocrx_word' id='word_1_94' title='bbox 1139 2183 1253 2249; x_wconf 77' lang='lat' dir='ltr'><strong>Protin.</strong></span> <span class='ocrx_word' id='word_1_95' title='bbox 1272 2204 1305 2264; x_wconf 80' lang='lat' dir='ltr'><strong>p.</strong></span> <span class='ocrx_word' id='word_1_96' title='bbox 1328 2181 1407 2249; x_wconf 79' lang='lat'><strong><em>280.</em></strong></span> 
     </span>
     <span class='ocr_line' id='line_1_14' title="bbox 225 2293 1410 2381; baseline -0.004 -19"><span class='ocrx_word' id='word_1_97' title='bbox 225 2298 270 2363; x_wconf 95' lang='lat' dir='ltr'><strong>lll</strong></span> <span class='ocrx_word' id='word_1_98' title='bbox 291 2297 403 2363; x_wconf 78' lang='lat' dir='ltr'><strong>Festus</strong></span> <span class='ocrx_word' id='word_1_99' title='bbox 419 2318 449 2381; x_wconf 92' lang='lat' dir='ltr'><strong>p.</strong></span> <span class='ocrx_word' id='word_1_100' title='bbox 466 2295 537 2374; x_wconf 83' lang='lat'>274,</span> <span class='ocrx_word' id='word_1_101' title='bbox 553 2295 594 2358; x_wconf 85' lang='lat'><strong>25</strong></span> <span class='ocrx_word' id='word_1_102' title='bbox 609 2293 650 2358; x_wconf 83' lang='lat' dir='ltr'><strong>bl.</strong></span> <span class='ocrx_word' id='word_1_103' title='bbox 666 2295 915 2377; x_wconf 85' lang='lat' dir='ltr'><strong>reciprocare</strong></span> <span class='ocrx_word' id='word_1_104' title='bbox 939 2315 995 2378; x_wconf 90' lang='lat' dir='ltr'><strong>pro</strong></span> <span class='ocrx_word' id='word_1_105' title='bbox 1010 2293 1093 2359; x_wconf 88' lang='lat' dir='ltr'><strong>ultro</strong></span> <span class='ocrx_word' id='word_1_106' title='bbox 1117 2293 1260 2375; x_wconf 90' lang='lat' dir='ltr'><strong>citroque</strong></span> <span class='ocrx_word' id='word_1_107' title='bbox 1277 2313 1410 2380; x_wconf 88' lang='lat' dir='ltr'><strong>poscere</strong></span> 
     </span>
     <span class='ocr_line' id='line_1_15' title="bbox 223 2400 1409 2487; baseline -0.005 -15"><span class='ocrx_word' id='word_1_108' title='bbox 223 2407 268 2472; x_wconf 88' lang='lat' dir='ltr'><strong>usi</strong></span> <span class='ocrx_word' id='word_1_109' title='bbox 289 2414 362 2472; x_wconf 92' lang='lat' dir='ltr'><strong>sunt</strong></span> <span class='ocrx_word' id='word_1_110' title='bbox 384 2405 520 2487; x_wconf 83' lang='lat' dir='ltr'><strong>antiqui,</strong></span> <span class='ocrx_word' id='word_1_111' title='bbox 543 2404 619 2486; x_wconf 88' lang='lat' dir='ltr'><strong>quia</strong></span> <span class='ocrx_word' id='word_1_112' title='bbox 634 2422 769 2486; x_wconf 85' lang='lat' dir='ltr'><strong>procare</strong></span> <span class='ocrx_word' id='word_1_113' title='bbox 784 2411 834 2467; x_wconf 91' lang='lat' dir='ltr'><strong>est</strong></span> <span class='ocrx_word' id='word_1_114' title='bbox 850 2419 992 2484; x_wconf 88' lang='lat' dir='ltr'><strong>poscere.</strong></span> <span class='ocrx_word' id='word_1_115' title='bbox 1026 2400 1206 2466; x_wconf 88' lang='lat' dir='ltr'><strong>Pacuvius.</strong></span> <span class='ocrx_word' id='word_1_116' title='bbox 1223 2449 1253 2465; x_wconf 90' lang='lat'><strong>..</strong></span> <span class='ocrx_word' id='word_1_117' title='bbox 1277 2401 1409 2466; x_wconf 91' lang='lat' dir='ltr'><strong>Plautus</strong></span> 
     </span>
     <span class='ocr_line' id='line_1_16' title="bbox 218 2509 1409 2596; baseline -0.004 -15"><span class='ocrx_word' id='word_1_118' title='bbox 218 2519 248 2582; x_wconf 90' lang='lat' dir='ltr'><strong>iu</strong></span> <span class='ocrx_word' id='word_1_119' title='bbox 269 2515 421 2582; x_wconf 81' lang='lat' dir='ltr'><strong>Astraba:</strong></span> <span class='ocrx_word' id='word_1_120' title='bbox 444 2513 536 2596; x_wconf 88' lang='lat' dir='ltr'><strong>quasi</strong></span> <span class='ocrx_word' id='word_1_121' title='bbox 554 2533 580 2577; x_wconf 90' lang='lat' dir='ltr'><strong>e.</strong></span> <span class='ocrx_word' id='word_1_122' title='bbox 597 2533 627 2595; x_wconf 94' lang='lat' dir='ltr'><strong>q.</strong></span> <span class='ocrx_word' id='word_1_123' title='bbox 644 2533 668 2577; x_wconf 93' lang='lat' dir='ltr'><strong>s.</strong></span> <span class='ocrx_word' id='word_1_124' title='bbox 720 2511 763 2577; x_wconf 91' lang='lat' dir='ltr'><strong>IV</strong></span> <span class='ocrx_word' id='word_1_125' title='bbox 787 2511 902 2576; x_wconf 82' lang='lat' dir='ltr'><strong>Festus</strong></span> <span class='ocrx_word' id='word_1_126' title='bbox 922 2531 951 2594; x_wconf 94' lang='lat' dir='ltr'><strong>p.</strong></span> <span class='ocrx_word' id='word_1_127' title='bbox 970 2511 1041 2592; x_wconf 87' lang='lat'>306,</span> <span class='ocrx_word' id='word_1_128' title='bbox 1064 2511 1102 2574; x_wconf 88' lang='lat'><strong>31</strong></span> <span class='ocrx_word' id='word_1_129' title='bbox 1120 2509 1160 2574; x_wconf 89' lang='lat' dir='ltr'><strong>M.</strong></span> <span class='ocrx_word' id='word_1_130' title='bbox 1178 2509 1409 2589; x_wconf 77' lang='lat' dir='ltr'><strong>[subscudes</strong></span> 
     </span>
     <span class='ocr_line' id='line_1_17' title="bbox 215 2617 1410 2710; baseline -0.008 -19"><span class='ocrx_word' id='word_1_131' title='bbox 215 2625 433 2710; x_wconf 85' lang='lat' dir='ltr'><strong>ap]pellantur</strong></span> <span class='ocrx_word' id='word_1_132' title='bbox 460 2627 615 2688; x_wconf 90' lang='lat' dir='ltr'><strong>cuneatae</strong></span> <span class='ocrx_word' id='word_1_133' title='bbox 642 2621 794 2700; x_wconf 86' lang='lat' dir='ltr'><strong>ta[bellae</strong></span> <span class='ocrx_word' id='word_1_134' title='bbox 823 2619 953 2702; x_wconf 89' lang='lat' dir='ltr'><strong>quibus]</strong></span> <span class='ocrx_word' id='word_1_135' title='bbox 982 2619 1112 2684; x_wconf 88' lang='lat' dir='ltr'><strong>tabulae</strong></span> <span class='ocrx_word' id='word_1_136' title='bbox 1135 2619 1219 2683; x_wconf 92' lang='lat' dir='ltr'><strong>inter</strong></span> <span class='ocrx_word' id='word_1_137' title='bbox 1241 2639 1275 2684; x_wconf 92' lang='lat' dir='ltr'><strong>se</strong></span> <span class='ocrx_word' id='word_1_138' title='bbox 1298 2617 1410 2698; x_wconf 74' lang='lat' dir='ltr'><strong>conlfi·</strong></span> 
     </span>
     <span class='ocr_line' id='line_1_18' title="bbox 213 2725 1342 2818; baseline -0.008 -17"><span class='ocrx_word' id='word_1_139' title='bbox 213 2743 332 2818; x_wconf 82' lang='lat' dir='ltr'><strong>guntur</strong></span> <span class='ocrx_word' id='word_1_140' title='bbox 352 2729 450 2816; x_wconf 78' lang='lat' dir='ltr'><strong>quibu,¹</strong></span> <span class='ocrx_word' id='word_1_141' title='bbox 474 2750 537 2813; x_wconf 90' lang='lat' dir='ltr'><strong>quo</strong></span> <span class='ocrx_word' id='word_1_142' title='bbox 561 2749 619 2796; x_wconf 85' lang='lat' dir='ltr'><strong>eae</strong></span> <span class='ocrx_word' id='word_1_143' title='bbox 641 2729 861 2802; x_wconf 88' lang='lat' dir='ltr'><strong>immittuntur,</strong></span> <span class='ocrx_word' id='word_1_144' title='bbox 884 2725 1092 2810; x_wconf 75' lang='lat' dir='ltr'><strong>[succuditur.</strong></span> <span class='ocrx_word' id='word_1_145' title='bbox 1136 2726 1311 2808; x_wconf 86' lang='lat' dir='ltr'><strong>Pac]uvius</strong></span> <span class='ocrx_word' id='word_1_146' title='bbox 1335 2778 1342 2793; x_wconf 92' lang='lat'><strong>.</strong></span> 
     </span>
     <span class='ocr_line' id='line_1_19' title="bbox 212 2836 1409 2920; baseline -0.007 -11"><span class='ocrx_word' id='word_1_147' title='bbox 212 2844 347 2909; x_wconf 85' lang='lat' dir='ltr'><strong>Plautus</strong></span> <span class='ocrx_word' id='word_1_148' title='bbox 379 2841 414 2905; x_wconf 92' lang='lat' dir='ltr'><strong>in</strong></span> <span class='ocrx_word' id='word_1_149' title='bbox 445 2839 596 2906; x_wconf 88' lang='lat' dir='ltr'><strong>Astraba:</strong></span> <span class='ocrx_word' id='word_1_150' title='bbox 631 2837 810 2904; x_wconf 88' lang='lat' dir='ltr'><strong>terebratus</strong></span> <span class='ocrx_word' id='word_1_151' title='bbox 833 2857 860 2904; x_wconf 91' lang='lat' dir='ltr'><strong>e.</strong></span> <span class='ocrx_word' id='word_1_152' title='bbox 885 2857 914 2920; x_wconf 94' lang='lat' dir='ltr'><strong>q.</strong></span> <span class='ocrx_word' id='word_1_153' title='bbox 938 2857 963 2902; x_wconf 90' lang='lat' dir='ltr'><strong>s.</strong></span> <span class='ocrx_word' id='word_1_154' title='bbox 1050 2836 1226 2901; x_wconf 87' lang='lat' dir='ltr'><strong>VGellius</strong></span> <span class='ocrx_word' id='word_1_155' title='bbox 1254 2837 1312 2920; x_wconf 85' lang='lat' dir='ltr'><strong>XI,</strong></span> <span class='ocrx_word' id='word_1_156' title='bbox 1339 2838 1409 2920; x_wconf 81' lang='lat'><strong>7,4</strong></span> 
     </span>
     <span class='ocr_line' id='line_1_20' title="bbox 211 2946 1408 3036; baseline -0.008 -17"><span class='ocrx_word' id='word_1_157' title='bbox 211 2955 336 3036; x_wconf 84' lang='lat' dir='ltr'><strong>legerat</strong></span> <span class='ocrx_word' id='word_1_158' title='bbox 352 2956 458 3016; x_wconf 88' lang='lat' dir='ltr'><strong>autem</strong></span> <span class='ocrx_word' id='word_1_159' title='bbox 482 2949 536 3014; x_wconf 93' lang='lat' dir='ltr'><strong>ille</strong></span> <span class='ocrx_word' id='word_1_160' title='bbox 558 2946 741 3033; x_wconf 87' lang='lat' dir='ltr'><strong>apludam</strong></span> <span class='ocrx_word' id='word_1_161' title='bbox 768 2953 891 3013; x_wconf 90' lang='lat' dir='ltr'><strong>veteres</strong></span> <span class='ocrx_word' id='word_1_162' title='bbox 921 2947 1057 3012; x_wconf 88' lang='lat' dir='ltr'><strong>rusticos</strong></span> <span class='ocrx_word' id='word_1_163' title='bbox 1079 2946 1231 3011; x_wconf 78' lang='lat' dir='ltr'><strong>frumenti</strong></span> <span class='ocrx_word' id='word_1_164' title='bbox 1253 2946 1408 3012; x_wconf 82' lang='lat' dir='ltr'><strong>lbrlurem</strong></span> 
     </span>
     <span class='ocr_line' id='line_1_21' title="bbox 210 3053 1406 3142; baseline -0.004 -16"><span class='ocrx_word' id='word_1_165' title='bbox 210 3061 336 3126; x_wconf 83' lang='lat' dir='ltr'><strong>dixisse</strong></span> <span class='ocrx_word' id='word_1_166' title='bbox 367 3057 465 3142; x_wconf 91' lang='lat' dir='ltr'><strong>idque</strong></span> <span class='ocrx_word' id='word_1_167' title='bbox 498 3079 518 3122; x_wconf 93' lang='lat' dir='ltr'><strong>a</strong></span> <span class='ocrx_word' id='word_1_168' title='bbox 550 3057 664 3124; x_wconf 90' lang='lat' dir='ltr'><strong>Plauto</strong></span> <span class='ocrx_word' id='word_1_169' title='bbox 699 3058 730 3120; x_wconf 90' lang='lat' dir='ltr'><strong>in</strong></span> <span class='ocrx_word' id='word_1_170' title='bbox 765 3053 942 3137; x_wconf 88' lang='lat' dir='ltr'><strong>comoedia,</strong></span> <span class='ocrx_word' id='word_1_171' title='bbox 976 3053 1004 3120; x_wconf 90' lang='lat' dir='ltr'><strong>si</strong></span> <span class='ocrx_word' id='word_1_172' title='bbox 1040 3075 1079 3121; x_wconf 88' lang='lat' dir='ltr'><strong>ea</strong></span> <span class='ocrx_word' id='word_1_173' title='bbox 1102 3055 1207 3119; x_wconf 91' lang='lat' dir='ltr'><strong>Plauti</strong></span> <span class='ocrx_word' id='word_1_174' title='bbox 1237 3063 1295 3134; x_wconf 90' lang='lat' dir='ltr'><strong>est,</strong></span> <span class='ocrx_word' id='word_1_175' title='bbox 1324 3075 1406 3138; x_wconf 90' lang='lat' dir='ltr'><strong>quae</strong></span> 
     </span>
     <span class='ocr_line' id='line_1_22' title="bbox 211 3163 1410 3251; baseline -0.004 -16"><span class='ocrx_word' id='word_1_176' title='bbox 211 3169 352 3236; x_wconf 77' lang='lat' dir='ltr'><strong>Astraba</strong></span> <span class='ocrx_word' id='word_1_177' title='bbox 367 3169 523 3251; x_wconf 87' lang='lat' dir='ltr'><strong>inscripta</strong></span> <span class='ocrx_word' id='word_1_178' title='bbox 543 3174 601 3238; x_wconf 89' lang='lat' dir='ltr'><strong>est,</strong></span> <span class='ocrx_word' id='word_1_179' title='bbox 625 3163 764 3248; x_wconf 90' lang='lat' dir='ltr'><strong>positum</strong></span> <span class='ocrx_word' id='word_1_180' title='bbox 786 3185 866 3231; x_wconf 89' lang='lat' dir='ltr'><strong>esse.</strong></span> <span class='ocrx_word' id='word_1_181' title='bbox 911 3163 1036 3230; x_wconf 88' lang='lat' dir='ltr'><strong>Nonius</strong></span> <span class='ocrx_word' id='word_1_182' title='bbox 1061 3185 1090 3248; x_wconf 88' lang='lat' dir='ltr'><strong>p.</strong></span> <span class='ocrx_word' id='word_1_183' title='bbox 1108 3165 1158 3244; x_wconf 81' lang='lat'><strong>69,</strong></span> <span class='ocrx_word' id='word_1_184' title='bbox 1174 3165 1212 3228; x_wconf 88' lang='grc'><strong>31</strong></span> <span class='ocrx_word' id='word_1_185' title='bbox 1230 3163 1271 3228; x_wconf 89' lang='grc' dir='ltr'><strong>Μ.</strong></span> <span class='ocrx_word' id='word_1_186' title='bbox 1294 3166 1410 3248; x_wconf 87' lang='lat' dir='ltr'><strong>aplu-</strong></span> 
     </span>
    </p>
   </div>
   <div class='ocr_carea' id='block_1_6' title="bbox 210 3369 1479 4793">
    <p class='ocr_par' dir='ltr' id='par_1_7' title="bbox 210 3369 1479 4793">
     <span class='ocr_line' id='line_1_23' title="bbox 210 3369 1408 3442; baseline -0.005 -13"><span class='ocrx_word' id='word_1_187' title='bbox 210 3377 230 3428; x_wconf 87' lang='grc'>9</span> <span class='ocrx_word' id='word_1_188' title='bbox 248 3389 305 3428; x_wconf 88' lang='lat' dir='ltr'><strong>nou</strong></span> <span class='ocrx_word' id='word_1_189' title='bbox 320 3372 410 3442; x_wconf 85' lang='lat' dir='ltr'><strong>plauti</strong></span> <span class='ocrx_word' id='word_1_190' title='bbox 423 3389 459 3426; x_wconf 91' lang='lat' dir='ltr'><strong>ne</strong></span> <span class='ocrx_word' id='word_1_191' title='bbox 471 3387 586 3440; x_wconf 85' lang='lat' dir='ltr'><strong>sequere</strong></span> <span class='ocrx_word' id='word_1_192' title='bbox 596 3369 643 3426; x_wconf 85' lang='lat' dir='ltr'><strong>sed</strong></span> <span class='ocrx_word' id='word_1_193' title='bbox 651 3371 762 3438; x_wconf 82' lang='lat' dir='ltr'><strong>plautin</strong></span> <span class='ocrx_word' id='word_1_194' title='bbox 777 3387 926 3439; x_wconf 87' lang='lat' dir='ltr'><strong>eassquerc</strong></span> <span class='ocrx_word' id='word_1_195' title='bbox 939 3369 968 3424; x_wconf 84' lang='lat' dir='ltr'><em>F</em></span> <span class='ocrx_word' id='word_1_196' title='bbox 978 3369 1101 3424; x_wconf 84' lang='lat' dir='ltr'><strong>eabibere</strong></span> <span class='ocrx_word' id='word_1_197' title='bbox 1113 3369 1199 3424; x_wconf 67' lang='lat' dir='ltr'><strong>uiden</strong></span> <span class='ocrx_word' id='word_1_198' title='bbox 1212 3373 1329 3424; x_wconf 82' lang='lat' dir='ltr'><strong>testatur</strong></span> <span class='ocrx_word' id='word_1_199' title='bbox 1339 3369 1408 3423; x_wconf 79' lang='lat' dir='ltr'><strong>Gra·</strong></span> 
     </span>
     <span class='ocr_line' id='line_1_24' title="bbox 212 3462 1409 3536; baseline -0.003 -13"><span class='ocrx_word' id='word_1_200' title='bbox 212 3468 288 3523; x_wconf 83' lang='lat' dir='ltr'><strong>tlu&#39;us</strong></span> <span class='ocrx_word' id='word_1_201' title='bbox 301 3467 341 3522; x_wconf 90' lang='lat' dir='ltr'><strong>‘de</strong></span> <span class='ocrx_word' id='word_1_202' title='bbox 350 3466 485 3524; x_wconf 77' lang='lat' dir='ltr'><strong>Varronis</strong></span> <span class='ocrx_word' id='word_1_203' title='bbox 493 3467 526 3522; x_wconf 83' lang='lat' dir='ltr'><strong>de</strong></span> <span class='ocrx_word' id='word_1_204' title='bbox 535 3468 550 3522; x_wconf 92' lang='lat' dir='ltr'><strong>l.</strong></span> <span class='ocrx_word' id='word_1_205' title='bbox 563 3467 580 3522; x_wconf 84' lang='lat' dir='ltr'><strong>l.</strong></span> <span class='ocrx_word' id='word_1_206' title='bbox 591 3467 680 3522; x_wconf 84' lang='lat' dir='ltr'><strong>codice</strong></span> <span class='ocrx_word' id='word_1_207' title='bbox 690 3462 774 3522; x_wconf 67' lang='lat' dir='ltr'><strong>stu?</strong></span> <span class='ocrx_word' id='word_1_208' title='bbox 788 3483 818 3536; x_wconf 86' lang='lat' dir='ltr'><strong>p.</strong></span> <span class='ocrx_word' id='word_1_209' title='bbox 830 3471 875 3524; x_wconf 77' lang='lat'><strong>32.</strong></span> <span class='ocrx_word' id='word_1_210' title='bbox 896 3466 1025 3522; x_wconf 83' lang='lat' dir='ltr'><strong>Plautino</strong></span> <span class='ocrx_word' id='word_1_211' title='bbox 1035 3483 1151 3535; x_wconf 88' lang='lat' dir='ltr'><strong>sequere</strong></span> <span class='ocrx_word' id='word_1_212' title='bbox 1159 3465 1306 3536; x_wconf 82' lang='lat' dir='ltr'><strong>Scioppius</strong></span> <span class='ocrx_word' id='word_1_213' title='bbox 1316 3465 1409 3520; x_wconf 83' lang='lat' dir='ltr'><strong>Plauti</strong></span> 
     </span>
     <span class='ocr_line' id='line_1_25' title="bbox 211 3562 1408 3634; baseline -0.004 -14"><span class='ocrx_word' id='word_1_214' title='bbox 211 3582 328 3634; x_wconf 85' lang='lat' dir='ltr'><strong>sequere</strong></span> <span class='ocrx_word' id='word_1_215' title='bbox 345 3565 425 3620; x_wconf 84' lang='lat' dir='ltr'><strong>ceteri</strong></span> <span class='ocrx_word' id='word_1_216' title='bbox 442 3564 544 3618; x_wconf 83' lang='lat' dir='ltr'><strong>Plauti.</strong></span> <span class='ocrx_word' id='word_1_217' title='bbox 570 3564 651 3620; x_wconf 88' lang='lat' dir='ltr'><strong>Nunc</strong></span> <span class='ocrx_word' id='word_1_218' title='bbox 663 3563 855 3634; x_wconf 85' lang='lat' dir='ltr'><strong>sequereconi.</strong></span> <span class='ocrx_word' id='word_1_219' title='bbox 871 3563 905 3620; x_wconf 85' lang='lat' dir='ltr'><strong>L.</strong></span> <span class='ocrx_word' id='word_1_220' title='bbox 919 3562 1075 3632; x_wconf 77' lang='lat' dir='ltr'><strong>Spenpelins</strong></span> <span class='ocrx_word' id='word_1_221' title='bbox 1094 3562 1124 3618; x_wconf 90' lang='lat' dir='ltr'><strong>O.</strong></span> <span class='ocrx_word' id='word_1_222' title='bbox 1140 3563 1270 3617; x_wconf 85' lang='lat' dir='ltr'><strong>Muellero</strong></span> <span class='ocrx_word' id='word_1_223' title='bbox 1277 3562 1408 3630; x_wconf 86' lang='lat' dir='ltr'><strong>probante</strong></span> 
     </span>
     <span class='ocr_line' id='line_1_26' title="bbox 212 3658 1409 3729; baseline 0 -15"><span class='ocrx_word' id='word_1_224' title='bbox 212 3660 352 3715; x_wconf 85' lang='lat' dir='ltr'><strong>Plautina.</strong></span> <span class='ocrx_word' id='word_1_225' title='bbox 389 3661 510 3729; x_wconf 86' lang='lat' dir='ltr'><strong>Sequere</strong></span> <span class='ocrx_word' id='word_1_226' title='bbox 528 3660 691 3716; x_wconf 84' lang='lat' dir='ltr'><strong>Ritsebelius</strong></span> <span class='ocrx_word' id='word_1_227' title='bbox 712 3659 809 3728; x_wconf 87' lang='lat' dir='ltr'><strong>Opusc.</strong></span> <span class='ocrx_word' id='word_1_228' title='bbox 828 3659 884 3713; x_wconf 85' lang='grc' dir='ltr'><strong>ΠΙ</strong></span> <span class='ocrx_word' id='word_1_229' title='bbox 894 3675 924 3728; x_wconf 83' lang='lat' dir='ltr'><strong>p.</strong></span> <span class='ocrx_word' id='word_1_230' title='bbox 940 3663 994 3714; x_wconf 85' lang='grc'><strong>188</strong></span> <span class='ocrx_word' id='word_1_231' title='bbox 1015 3659 1135 3729; x_wconf 86' lang='lat' dir='ltr'><strong>adseque</strong></span> <span class='ocrx_word' id='word_1_232' title='bbox 1163 3658 1238 3714; x_wconf 84' lang='lat' dir='ltr'><strong>codd.</strong></span> <span class='ocrx_word' id='word_1_233' title='bbox 1260 3659 1409 3727; x_wconf 88' lang='lat' dir='ltr'><strong>adsequere</strong></span> 
     </span>
     <span class='ocr_line' id='line_1_27' title="bbox 211 3755 1407 3827; baseline -0.003 -15"><span class='ocrx_word' id='word_1_234' title='bbox 211 3757 361 3827; x_wconf 81' lang='lat' dir='ltr'><strong>Scioppius</strong></span> <span class='ocrx_word' id='word_1_235' title='bbox 374 3757 531 3827; x_wconf 75' lang='lat' dir='ltr'><strong>Speuqelius</strong></span> <span class='ocrx_word' id='word_1_236' title='bbox 545 3758 662 3812; x_wconf 84' lang='lat' dir='ltr'><strong>adsecuc</strong></span> <span class='ocrx_word' id='word_1_237' title='bbox 673 3757 868 3812; x_wconf 78' lang='lat' dir='ltr'><strong>Lachmannus</strong></span> <span class='ocrx_word' id='word_1_238' title='bbox 881 3755 918 3810; x_wconf 83' lang='lat' dir='ltr'><strong>ad</strong></span> <span class='ocrx_word' id='word_1_239' title='bbox 928 3756 1036 3810; x_wconf 85' lang='lat' dir='ltr'><strong>Lucret.</strong></span> <span class='ocrx_word' id='word_1_240' title='bbox 1053 3756 1084 3817; x_wconf 86' lang='lat' dir='ltr'><strong>V,</strong></span> <span class='ocrx_word' id='word_1_241' title='bbox 1095 3759 1149 3810; x_wconf 81' lang='lat'><strong>679</strong></span> <span class='ocrx_word' id='word_1_242' title='bbox 1162 3755 1327 3811; x_wconf 83' lang='lat' dir='ltr'><strong>Ritscbciius</strong></span> <span class='ocrx_word' id='word_1_243' title='bbox 1360 3772 1407 3825; x_wconf 93' lang='lat' dir='ltr'><strong>po-</strong></span> 
     </span>
     <span class='ocr_line' id='line_1_28' title="bbox 211 3851 1463 3924; baseline 0.001 -18"><span class='ocrx_word' id='word_1_244' title='bbox 211 3853 278 3921; x_wconf 80' lang='lat' dir='ltr'><strong>lybs</strong></span> <span class='ocrx_word' id='word_1_245' title='bbox 288 3853 467 3909; x_wconf 80' lang='lat' dir='ltr'><strong>disceFGH</strong></span> <span class='ocrx_word' id='word_1_246' title='bbox 474 3853 656 3922; x_wconf 86' lang='lat' dir='ltr'><strong>Polybediscc</strong></span> <span class='ocrx_word' id='word_1_247' title='bbox 665 3853 784 3924; x_wconf 80' lang='lat' dir='ltr'><strong>Scaliper</strong></span> <span class='ocrx_word' id='word_1_248' title='bbox 793 3853 936 3923; x_wconf 80' lang='lat' dir='ltr'><strong>Scioppius</strong></span> <span class='ocrx_word' id='word_1_249' title='bbox 946 3857 1003 3908; x_wconf 83' lang='lat' dir='ltr'><strong>cett.</strong></span> <span class='ocrx_word' id='word_1_250' title='bbox 1032 3855 1065 3906; x_wconf 86' lang='lat'><strong>10</strong></span> <span class='ocrx_word' id='word_1_251' title='bbox 1079 3851 1408 3921; x_wconf 79' lang='lat' dir='ltr'><strong>herclemquidemlcorr.</strong></span> <span class='ocrx_word' id='word_1_252' title='bbox 1462 3909 1463 3912; x_wconf 64' lang='grc'>,</span> 
     </span>
     <span class='ocr_line' id='line_1_29' title="bbox 211 3948 1408 4020; baseline -0.001 -15"><span class='ocrx_word' id='word_1_253' title='bbox 211 3967 246 4005; x_wconf 80' lang='lat' dir='ltr'><strong>ea</strong></span> <span class='ocrx_word' id='word_1_254' title='bbox 255 3950 366 4017; x_wconf 78' lang='lat' dir='ltr'><strong>etalem,</strong></span> <span class='ocrx_word' id='word_1_255' title='bbox 379 3956 409 4004; x_wconf 85' lang='lat' dir='ltr'><strong>ut</strong></span> <span class='ocrx_word' id='word_1_256' title='bbox 417 3951 482 4020; x_wconf 85' lang='lat' dir='ltr'><strong>oid.)</strong></span> <span class='ocrx_word' id='word_1_257' title='bbox 493 3951 524 4006; x_wconf 83' lang='lat' dir='ltr'><em>F</em></span> <span class='ocrx_word' id='word_1_258' title='bbox 528 3952 640 4006; x_wconf 88' lang='lat' dir='ltr'><strong>hercule</strong></span> <span class='ocrx_word' id='word_1_259' title='bbox 651 3949 761 4019; x_wconf 90' lang='lat' dir='ltr'><strong>quidem</strong></span> <span class='ocrx_word' id='word_1_260' title='bbox 773 3950 798 4004; x_wconf 78' lang='lat' dir='ltr'><strong><em>G</em></strong></span> <span class='ocrx_word' id='word_1_261' title='bbox 808 3950 900 4005; x_wconf 91' lang='lat' dir='ltr'><strong>hercle</strong></span> <span class='ocrx_word' id='word_1_262' title='bbox 910 3967 970 4004; x_wconf 86' lang='lat' dir='ltr'><strong>cem</strong></span> <span class='ocrx_word' id='word_1_263' title='bbox 985 3948 1095 4019; x_wconf 90' lang='lat' dir='ltr'><strong>quidem</strong></span> <span class='ocrx_word' id='word_1_264' title='bbox 1105 3949 1300 4005; x_wconf 80' lang='lat' dir='ltr'><strong>Lachmannus</strong></span> <span class='ocrx_word' id='word_1_265' title='bbox 1315 3949 1408 4004; x_wconf 90' lang='lat' dir='ltr'><strong>hercle</strong></span> 
     </span>
     <span class='ocr_line' id='line_1_30' title="bbox 212 4045 1406 4115; baseline -0.001 -14"><span class='ocrx_word' id='word_1_266' title='bbox 212 4045 342 4114; x_wconf 88' lang='lat' dir='ltr'><strong>equidem</strong></span> <span class='ocrx_word' id='word_1_267' title='bbox 352 4045 518 4103; x_wconf 84' lang='lat' dir='ltr'><strong>Riisebelius</strong></span> <span class='ocrx_word' id='word_1_268' title='bbox 555 4047 675 4102; x_wconf 85' lang='lat' dir='ltr'><strong>libenter</strong></span> <span class='ocrx_word' id='word_1_269' title='bbox 686 4045 763 4101; x_wconf 85' lang='lat' dir='ltr'><strong>codd.</strong></span> <span class='ocrx_word' id='word_1_270' title='bbox 774 4047 903 4102; x_wconf 87' lang='lat' dir='ltr'><strong>lubenter</strong></span> <span class='ocrx_word' id='word_1_271' title='bbox 916 4045 1107 4101; x_wconf 81' lang='lat' dir='ltr'><strong>Teubnrannus</strong></span> <span class='ocrx_word' id='word_1_272' title='bbox 1139 4064 1201 4101; x_wconf 87' lang='lat' dir='ltr'><strong>mea</strong></span> <span class='ocrx_word' id='word_1_273' title='bbox 1211 4051 1321 4115; x_wconf 84' lang='lat' dir='ltr'><strong>sperata</strong></span> <span class='ocrx_word' id='word_1_274' title='bbox 1332 4045 1406 4100; x_wconf 84' lang='lat' dir='ltr'><strong>codd.</strong></span> 
     </span>
     <span class='ocr_line' id='line_1_31' title="bbox 210 4141 1413 4214; baseline -0.003 -18"><span class='ocrx_word' id='word_1_275' title='bbox 210 4159 263 4212; x_wconf 81' lang='lat' dir='ltr'><strong>pro</strong></span> <span class='ocrx_word' id='word_1_276' title='bbox 288 4142 408 4198; x_wconf 68' lang='lat' dir='ltr'><strong>matina</strong></span> <span class='ocrx_word' id='word_1_277' title='bbox 436 4144 517 4198; x_wconf 83' lang='lat' dir='ltr'><strong>carnit</strong></span> <span class='ocrx_word' id='word_1_278' title='bbox 535 4143 655 4214; x_wconf 78' lang='lat' dir='ltr'><strong>Sculiqer</strong></span> <span class='ocrx_word' id='word_1_279' title='bbox 683 4161 772 4198; x_wconf 82' lang='lat' dir='ltr'><strong>meam</strong></span> <span class='ocrx_word' id='word_1_280' title='bbox 792 4147 931 4212; x_wconf 86' lang='lat' dir='ltr'><strong>speratam</strong></span> <span class='ocrx_word' id='word_1_281' title='bbox 950 4141 1121 4210; x_wconf 85' lang='lat' dir='ltr'><strong>Ritscbelius‚</strong></span> <span class='ocrx_word' id='word_1_282' title='bbox 1144 4144 1221 4198; x_wconf 84' lang='lat' dir='ltr'><strong>euius</strong></span> <span class='ocrx_word' id='word_1_283' title='bbox 1240 4144 1413 4198; x_wconf 83' lang='lat' dir='ltr'><strong>coniecturas.</strong></span> 
     </span>
     <span class='ocr_line' id='line_1_32' title="bbox 211 4239 1410 4312; baseline -0.003 -14"><span class='ocrx_word' id='word_1_284' title='bbox 211 4247 236 4304; x_wconf 86' lang='lat' dir='ltr'><strong>el</strong></span> <span class='ocrx_word' id='word_1_285' title='bbox 268 4255 446 4312; x_wconf 69' lang='lat' dir='ltr'><strong>pascuarum</strong></span> <span class='ocrx_word' id='word_1_286' title='bbox 479 4257 699 4310; x_wconf 74' lang='lat' dir='ltr'><strong>nunnorumque</strong></span> <span class='ocrx_word' id='word_1_287' title='bbox 732 4240 919 4296; x_wconf 75' lang='lat' dir='ltr'><strong>distinctiones</strong></span> <span class='ocrx_word' id='word_1_288' title='bbox 943 4241 1040 4311; x_wconf 69' lang='lat' dir='ltr'><strong>caepi.</strong></span> <span class='ocrx_word' id='word_1_289' title='bbox 1109 4245 1139 4296; x_wconf 94' lang='grc'><strong>11</strong></span> <span class='ocrx_word' id='word_1_290' title='bbox 1166 4259 1199 4296; x_wconf 84' lang='lat' dir='ltr'><strong>ac</strong></span> <span class='ocrx_word' id='word_1_291' title='bbox 1225 4241 1318 4295; x_wconf 80' lang='lat' dir='ltr'><strong>sitisse</strong></span> <span class='ocrx_word' id='word_1_292' title='bbox 1337 4239 1367 4294; x_wconf 83' lang='lat' dir='ltr'>F</span> <span class='ocrx_word' id='word_1_293' title='bbox 1378 4241 1410 4294; x_wconf 85' lang='grc' dir='ltr'><em>Η</em></span> 
     </span>
     <span class='ocr_line' id='line_1_33' title="bbox 212 4335 1407 4394; baseline -0.003 -1"><span class='ocrx_word' id='word_1_294' title='bbox 212 4339 316 4393; x_wconf 82' lang='lat' dir='ltr'><strong>actious</strong></span> <span class='ocrx_word' id='word_1_295' title='bbox 335 4339 362 4392; x_wconf 90' lang='lat' dir='ltr'><em>B</em></span> <span class='ocrx_word' id='word_1_296' title='bbox 380 4339 514 4392; x_wconf 80' lang='lat' dir='ltr'><strong>exitiosae</strong></span> <span class='ocrx_word' id='word_1_297' title='bbox 532 4337 596 4392; x_wconf 70' lang='lat' dir='ltr'><strong>Aba.</strong></span> <span class='ocrx_word' id='word_1_298' title='bbox 637 4341 669 4392; x_wconf 84' lang='lat'><strong>12</strong></span> <span class='ocrx_word' id='word_1_299' title='bbox 688 4337 830 4392; x_wconf 92' lang='lat' dir='ltr'><strong>tollenono</strong></span> <span class='ocrx_word' id='word_1_300' title='bbox 853 4337 908 4392; x_wconf 87' lang='lat' dir='ltr'><strong>eod.</strong></span> <span class='ocrx_word' id='word_1_301' title='bbox 932 4339 1102 4394; x_wconf 88' lang='lat' dir='ltr'><strong>tollenonem</strong></span> <span class='ocrx_word' id='word_1_302' title='bbox 1126 4337 1264 4392; x_wconf 69' lang='lat' dir='ltr'><strong>scrutans</strong></span> <span class='ocrx_word' id='word_1_303' title='bbox 1292 4335 1407 4391; x_wconf 84' lang='lat' dir='ltr'><strong>Vrsinus</strong></span> 
     </span>
     <span class='ocr_line' id='line_1_34' title="bbox 212 4433 1406 4504; baseline 0 -16"><span class='ocrx_word' id='word_1_304' title='bbox 212 4435 317 4489; x_wconf 82' lang='lat' dir='ltr'><strong>tollens</strong></span> <span class='ocrx_word' id='word_1_305' title='bbox 335 4433 456 4504; x_wconf 78' lang='lat' dir='ltr'><strong>Scaliper</strong></span> <span class='ocrx_word' id='word_1_306' title='bbox 473 4435 638 4489; x_wconf 83' lang='lat' dir='ltr'><strong>thscbelius</strong></span> <span class='ocrx_word' id='word_1_307' title='bbox 675 4433 840 4503; x_wconf 87' lang='lat' dir='ltr'><strong>reciproceis</strong></span> <span class='ocrx_word' id='word_1_308' title='bbox 858 4433 915 4488; x_wconf 86' lang='lat' dir='ltr'><strong>cod.</strong></span> <span class='ocrx_word' id='word_1_309' title='bbox 930 4435 1083 4504; x_wconf 84' lang='lat' dir='ltr'><strong>reciprocos</strong></span> <span class='ocrx_word' id='word_1_310' title='bbox 1099 4433 1237 4488; x_wconf 80' lang='lat' dir='ltr'><strong>Turnebus</strong></span> <span class='ocrx_word' id='word_1_311' title='bbox 1250 4433 1406 4502; x_wconf 85' lang='lat' dir='ltr'><strong>reciprocas</strong></span> 
     </span>
     <span class='ocr_line' id='line_1_35' title="bbox 213 4529 1479 4600; baseline 0.002 -18"><span class='ocrx_word' id='word_1_312' title='bbox 213 4531 362 4585; x_wconf 80' lang='lat' dir='ltr'><strong>Muellerus</strong></span> <span class='ocrx_word' id='word_1_313' title='bbox 380 4529 546 4585; x_wconf 86' lang='lat' dir='ltr'><strong>Ritsebelius</strong></span> <span class='ocrx_word' id='word_1_314' title='bbox 583 4531 805 4599; x_wconf 83' lang='lat' dir='ltr'><strong>planauteeod.</strong></span> <span class='ocrx_word' id='word_1_315' title='bbox 825 4531 981 4600; x_wconf 79' lang='lat' dir='ltr'><strong>plagariis</strong></span> <span class='ocrx_word' id='word_1_316' title='bbox 1003 4531 1151 4585; x_wconf 79' lang='lat' dir='ltr'><strong>Muellerus</strong></span> <span class='ocrx_word' id='word_1_317' title='bbox 1171 4531 1254 4598; x_wconf 83' lang='lat' dir='ltr'><strong>plana</strong></span> <span class='ocrx_word' id='word_1_318' title='bbox 1275 4531 1322 4584; x_wconf 83' lang='lat' dir='ltr'><strong>vis</strong></span> <span class='ocrx_word' id='word_1_319' title='bbox 1343 4529 1405 4584; x_wconf 82' lang='lat' dir='ltr'><strong>Sca·</strong></span> <span class='ocrx_word' id='word_1_320' title='bbox 1478 4587 1479 4592; x_wconf 8' lang='grc' dir='ltr'>χ</span> 
     </span>
     <span class='ocr_line' id='line_1_36' title="bbox 212 4605 1406 4695; baseline 0.003 -17"><span class='ocrx_word' id='word_1_321' title='bbox 212 4623 277 4695; x_wconf 78' lang='lat' dir='ltr'><strong>llqer</strong></span> <span class='ocrx_word' id='word_1_322' title='bbox 297 4625 436 4681; x_wconf 69' lang='lat' dir='ltr'><strong>sunaus</strong></span> <span class='ocrx_word' id='word_1_323' title='bbox 454 4625 627 4694; x_wconf 70' lang='lat' dir='ltr'><strong>bursolenus,</strong></span> <span class='ocrx_word' id='word_1_324' title='bbox 647 4626 694 4695; x_wconf 85' lang='lat' dir='ltr'><strong>qni</strong></span> <span class='ocrx_word' id='word_1_325' title='bbox 712 4627 901 4682; x_wconf 79' lang='lat' dir='ltr'><strong>altercantium</strong></span> <span class='ocrx_word' id='word_1_326' title='bbox 926 4605 1046 4682; x_wconf 66' lang='lat' dir='ltr'><strong>aenaim</strong></span> <span class='ocrx_word' id='word_1_327' title='bbox 1069 4626 1139 4680; x_wconf 76' lang='lat' dir='ltr'><strong>ubre</strong></span> <span class='ocrx_word' id='word_1_328' title='bbox 1161 4626 1280 4695; x_wconf 74' lang='lat' dir='ltr'><strong>atroque</strong></span> <span class='ocrx_word' id='word_1_329' title='bbox 1300 4626 1406 4682; x_wconf 82' lang='lat' dir='ltr'><strong>iactata</strong></span> 
     </span>
     <span class='ocr_line' id='line_1_37' title="bbox 212 4720 1406 4793; baseline 0.005 -19"><span class='ocrx_word' id='word_1_330' title='bbox 212 4721 347 4792; x_wconf 75' lang='lat' dir='ltr'><strong>inlelleps&#39;t.</strong></span> <span class='ocrx_word' id='word_1_331' title='bbox 385 4720 503 4776; x_wconf 80' lang='lat' dir='ltr'><strong>Balbine</strong></span> <span class='ocrx_word' id='word_1_332' title='bbox 520 4724 702 4793; x_wconf 71' lang='lat' dir='ltr'><strong>frapnsentum</strong></span> <span class='ocrx_word' id='word_1_333' title='bbox 719 4723 749 4778; x_wconf 83' lang='lat' dir='ltr'><strong>iu</strong></span> <span class='ocrx_word' id='word_1_334' title='bbox 767 4723 937 4780; x_wconf 73' lang='lat' dir='ltr'><strong>anscerus</strong></span> <span class='ocrx_word' id='word_1_335' title='bbox 949 4723 1057 4780; x_wconf 62' lang='lat' dir='ltr'><strong>mandit.</strong></span> <span class='ocrx_word' id='word_1_336' title='bbox 1112 4727 1144 4778; x_wconf 84' lang='lat'><strong>13</strong></span> <span class='ocrx_word' id='word_1_337' title='bbox 1165 4722 1203 4778; x_wconf 83' lang='lat' dir='ltr'><strong>sit</strong></span> <span class='ocrx_word' id='word_1_338' title='bbox 1216 4726 1245 4778; x_wconf 88' lang='lat' dir='ltr'><strong>ct</strong></span> <span class='ocrx_word' id='word_1_339' title='bbox 1257 4723 1406 4780; x_wconf 81' lang='lat' dir='ltr'><strong>subscudes</strong></span> 
     </span>
    </p>
   </div>
   <div class='ocr_carea' id='block_1_7' title="bbox 0 0 1822 5534">
    <p class='ocr_par' dir='ltr' id='par_1_8' title="bbox 0 0 1822 5534">
     <span class='ocr_line' id='line_1_38' title="bbox 0 0 1822 5534; baseline 0 1"><span class='ocrx_word' id='word_1_340' title='bbox 0 0 1822 5534; x_wconf 95' lang='lat' dir='ltr'><strong> </strong></span> 
     </span>
    </p>
   </div>
  </div>
 </body>
</html>
