3626 5530
745 541 921 593 -73-

709 725 798 792 XLV
819 725 868 803 (B.
888 727 947 802 67)

384 835 481 903 reboo

705 936 811 1003 XLVI
831 937 880 1018 (B.
902 939 958 1020 26)

236 1063 298 1129 275
388 1065 518 1148 glirium
541 1066 693 1130 examIna

704 1197 1032 1282 HWOEQ‘

385 1352 405 1386 ι
426 1323 505 1409 quid
526 1327 741 1391 murmurillas
764 1333 869 1391 teoum
890 1333 921 1392 et
937 1327 977 1392 'te
1000 1311 1177 1391 discrucias
1192 1353 1253 1387 aa-

544 1427 548 1436 ’
732 1436 904 1518 'rreum

388 1579 506 1644 Levior
528 1598 562 1645 es
585 1599 680 1662 quam
702 1579 898 1664 tippula...

704 1731 815 1798 XLIX
836 1731 885 1806 (B.
908 1731 963 1813 38)

385 1839 586 1923 penitissime

238 2089 448 2170 praesepis
471 2085 661 2154 declinatur.
696 2047 769 2154 nam
794 2086 881 2171 quod
904 2087 1038 2154 Plautus
1059 2087 1155 2154 ‘haee
1170 2106 1344 2172 praesepes
1361 2107 1438 2152 mea

241 2185 304 2259 est'
332 2216 451 2280 genere
473 2196 637 2276 feminino,
672 2199 753 2264 siout
782 2197 870 2282 apud
893 2197 1046 2282 Graeeos,
1080 2197 1257 2264 auotoritas
1280 2203 1338 2280 est,
1371 2215 1435 2264 non

240 2303 329 2370 ratio.
364 2305 447 2370 idem
467 2309 568 2372 exstet
590 2325 639 2386 op.
667 2305 745 2371 Mar.
766 2306 849 2372 Plot.
870 2305 1000 2372 Saoerd.
1022 2326 1053 2390 p.
1077 2308 1147 2386 472,
1170 2308 1210 2372 25
1229 2306 1269 2372 K.

338 2413 427 2478 XLV
448 2412 571 2479 Probus
594 2413 719 2480 Oatbol.
741 2435 771 2500 p.
793 2416 844 2496 38,
866 2416 904 2479 31
923 2416 961 2480 K.
991 2416 1090 2498 igitur
1112 2413 1199 2498 quod
1222 2414 1356 2480 Plautus
1379 2433 1433 2498 po·

237 2523 302 2590 suit
323 2523 456 2606 reboo,
488 2545 553 2590 nou
575 2523 675 2590 latine
697 2523 755 2590 sed
770 2543 887 2608 graece
904 2525 1021 2608 posuit,
1044 2525 1115 2604 βοῶ
1129 2524 1221 2611 βοᾷς,
1243 2522 1328 2590 unde
1350 2523 1434 2589 deri·

237 2636 379 2701 vativum
402 2634 500 2700 reboo
520 2634 645 2700 reboas.

334 2743 442 2810 XLVI
464 2743 589 2810 Nonius
611 2763 641 2826 p.
668 2744 737 2828 119,
759 2746 800 2809 23
822 2745 864 2810 M.
888 2745 969 2828 glis
990 2744 1205 2810 nominativus
1220 2743 1262 2810 ab
1277 2763 1326 2826 eo,
1349 2744 1436 2828 qood

238 2859 312 2918 suut
334 2853 466 2950 glires.
509 2852 666 2920 Laberius
689 2872 717 2918 e.
740 2871 771 2935 q.
793 2872 819 2918 s.
863 2852 999 2918 Plautus
1026 2853 1176 2936 genetivo
1206 2851 1341 2938 plurali:
1374 2852 1434 2936 gli-

239 2963 321 3028 rium
344 2961 504 3028 examina.

339 3071 464 3136 XLVII
485 3072 610 3139 Nonius
626 3092 656 3155 p.
677 3074 746 3148 142,
768 3074 809 3136 33
824 3072 864 3137 Μ.
887 3072 1195 3150 murmurillum,
1217 3071 1435 3138 murmuratio.

240 3181 374 3247 Plautus
396 3181 557 3246 Rudente:
582 3182 655 3247 nolo
673 3202 699 3246 e.
723 3201 754 3263 q.
777 3202 802 3247 s.
825 3180 927 3248 idem:
951 3180 1031 3264 quid
1054 3201 1081 3247 e.
1104 3200 1134 3264 q.
1157 3201 1181 3246 s.

339 3289 477 3355 XLVIII
501 3290 626 3357 Nonius
648 3310 681 3374 p.
707 3292 775 3372 180,
797 3290 874 3354 9bI.
897 3291 1058 3374 tippula
1085 3291 1204 3356 animal
1226 3290 1437 3383 levissimum,

240 3399 326 3482 quod
346 3419 447 3482 aquas
467 3421 530 3466 non
546 3399 663 3482 nando,
687 3399 745 3464 sed
761 3399 940 3482 gradiendo
962 3406 1113 3467 transeat.
1158 3402 1259 3466 Varro
1276 3401 1436 3466 Bimaroo:

240 3515 275 3574 ut
296 3511 378 3576 levis
401 3529 427 3574 e.
451 3530 480 3592 q.
503 3530 527 3575 s.
563 3510 712 3575 Plautus:
736 3509 885 3576 leviore.
910 3530 943 3592 q.
966 3529 990 3576 s.

340 3619 450 3684 XLIX
471 3619 597 3686 Nonius
618 3640 649 3703 p.
673 3620 745 3700 217,
769 3619 808 3684 14
832 3619 873 3684 M.
902 3619 1097 3702 posticam
1130 3617 1285 3687 feminino
1318 3640 1436 3704 genere

241 3728 472 3795 consuetudine
492 3728 704 3814 appellamus.
739 3727 880 3794 Luoilios
904 3749 932 3794 e.
956 3749 985 3811 q.
1009 3749 1032 3795 s.
1067 3730 1169 3794 Varro
1196 3733 1292 3818 Ταφῇ
1307 3727 1436 3792 Μενίπ-

242 3861 322 3905 rroo:
362 3839 504 3923 perrexit
539 3832 595 3924 [in]
625 3837 793 3904 interiores
827 3843 936 3921 partes
967 3836 1094 3903 domnis
1128 3837 1284 3923 posticae,
1329 3844 1364 3904 ut
1391 3837 1438 3904 ait

242 3948 385 4022 Plautus,
408 3946 704 4032 penitissimas.

242 4183 379 4254 reposuit
397 4197 504 4238 oasam
523 4179 695 4237 Cureulionis
713 4183 755 4251 II,
774 4187 799 4249 1,
818 4187 853 4238 13
871 4182 938 4251 quin
958 4183 1095 4252 reciperet
1114 4200 1143 4238 se
1156 4182 1298 4238 huoesum
1310 4182 1347 4238 ad
1358 4199 1437 4252 prae·

224 4295 336 4350 'sepem
354 4297 440 4333 suam.
472 4279 510 4334 ool
527 4279 599 4348 quod
617 4281 763 4349 cecropiam
781 4279 868 4334 neseio
883 4265 924 4334 ¹oo
942 4281 1006 4335 bore
1024 4295 1128 4350 quoqne
1140 4279 1292 4335 reooeoado
1311 4279 1368 4332 siat
1385 4278 1437 4346 itu,

244 4377 318 4446 qnod
337 4377 453 4431 Plautus
473 4377 542 4431 haee
559 4395 704 4446 praesepes
718 4395 782 4432 usus
795 4376 845 4432 est'
863 4377 969 4432 Keib'ue
1041 4379 1094 4430 274
1116 4378 1166 4445 osr.
1179 4377 1355 4446 bootAnrpb.
1369 4379 1438 4431 232.

244 4475 296 4528 277
306 4478 347 4529 est
357 4473 546 4544 Qut'oberatioa
558 4473 667 4541 tippula
675 4473 752 4526 eorici.
764 4471 854 4527 Nonii
866 4477 891 4527 et
902 4473 986 4527 Pauli
994 4491 1023 4542 p.
1039 4477 1102 4540 366,
1112 4477 1136 4526 5.
1156 4473 1207 4540 cfr,
1221 4467 1386 4525 Riteobele'ue
1400 4469 1437 4523 ad

246 4571 342 4626 Persae
352 4587 373 4626 v.
383 4575 445 4627 244.
461 4570 595 4626 Vableaus
604 4569 721 4626 Conleet.
730 4570 761 4624 ia
777 4569 907 4626 Varro-nis
918 4575 1004 4624 eatur.
1016 4587 1044 4639 p.
1056 4573 1108 4624 136
1117 4585 1149 4638 sq
1167 4568 1269 4638 tipulla
1281 4565 1321 4621 ool
1330 4564 1436 4636 tippul-

245 4668 398 4739 laSooliyer·
411 4667 566 4722 Muellerus.
588 4668 637 4735 cfr.
648 4668 737 4737 glossa
747 4667 869 4736 tippula:
889 4665 1144 4734 vermisaquaticus
1162 4665 1193 4718 ia
1214 4663 1317 4718 Loetoii
1337 4662 1436 4718 Prode.

242 4783 271 4836 p.
282 4769 344 4820 289.
391 4781 439 4820 oar
449 4781 553 4819 uersum
561 4764 723 4834 fragmentis
736 4763 921 4820 aduertaoerim
933 4763 1031 4834 legitur
1041 4779 1069 4831 p.
1079 4765 1122 4817 17.
1195 4759 1247 4814 278
1265 4759 1438 4830 penitissime
