3634 5534
856 669 1134 736 clusensem

547 908 564 953 c
587 912 647 977 ego
668 908 811 976 pomam,
833 889 944 956 sumen
967 781 1081 973 suberis,
1105 890 1232 973 spetile,
1255 890 1384 969 cellum,
1407 889 1547 972 glandia.

977 999 1012 1064 Π

545 1110 729 1176 patibulum
750 1108 835 1176 iau
856 1128 914 1192 per
936 1109 1055 1187 urbem,
1078 1107 1197 1174 deiude
1218 1107 1381 1192 adfigatur
1402 1110 1496 1173 cruci.

973 1220 986 1283 I
1007 1219 1022 1282 Ι

545 1358 585 1394 uu
606 1327 779 1395 secundum
797 1328 928 1412 eampse
951 1221 1040 1395 srrqu
1060 1348 1174 1394 aurum
1189 1326 1389 1395 abscondidi.

397 1570 475 1616 caru
501 1550 579 1616 licet
600 1549 714 1615 hiemis
736 1547 829 1614 nobis
853 1554 979 1632 tempus
1001 1545 1154 1622 invideat
1178 1552 1284 1611 tamen
1301 1547 1378 1628 quia
1397 1545 1437 1612 de
1453 1545 1591 1612 nucibus

396 1657 563 1741 loquimur,
587 1657 739 1723 indictum
761 1679 825 1724 uou
848 1657 1079 1739 relinquamus.
1103 1658 1237 1724 Plautus
1250 1657 1447 1726 iuilulccolo
1460 1656 1508 1723 sic
1522 1656 1591 1722 cius

395 1767 556 1835 meminit:
582 1769 768 1833 molluscum
789 1787 816 1832 e.
839 1788 870 1850 q.
892 1788 918 1832 s.
949 1787 1024 1833 ecce
1046 1767 1180 1832 Plautus
1203 1768 1346 1833 nominet
1368 1766 1498 1849 quidem
1532 1765 1590 1832 scd

396 1877 476 1961 quid
497 1879 539 1943 sit
560 1897 625 1943 uux
648 1877 804 1943 mollusce
826 1897 889 1945 nou
912 1877 1072 1966 exprimit.
1112 1883 1164 1942 est
1188 1883 1295 1942 autem
1319 1876 1484 1942 Persicum
1505 1875 1591 1959 quod

395 1989 492 2071 vulgo
514 1993 646 2052 vocetur
667 1994 698 2052 et
718 1987 875 2053 molluscu
903 2007 970 2058 nux
991 1986 1108 2054 dieitur
1129 1986 1254 2054 scilicet
1280 1986 1366 2070 quod
1389 1986 1504 2056 ceteris
1528 2004 1593 2049 om·

396 2097 491 2163 uibus
514 2096 657 2166 nucibus,
673 2097 800 2163 mollior
835 2096 886 2163 sit.
925 2095 1090 2165 Osbemus
1112 2117 1143 2182 p.
1167 2098 1228 2164 279
1243 2095 1284 2162 M.
1307 2096 1427 2170 dicitur
1448 2094 1544 2162 etiem
1561 2098 1593 2160 et

316 2247 320 2258 -
396 2206 598 2285 mollusca,
621 2225 659 2270 eo
681 2205 768 2288 quod
790 2205 978 2283 mollis'sit;
1001 2206 1086 2271 uude
1110 2204 1257 2271 Plautus:
1279 2205 1465 2270 molluscum
1480 2222 1551 2284 eq.
1568 2222 1593 2267 s.

398 2343 402 2352 ·
494 2312 770 2380 cursorium
803 2315 818 2380 1
845 2315 960 2381 Festus
989 2335 1019 2400 p.
1042 2315 1114 2385 330,
1144 2314 1185 2399 24
1200 2314 1241 2381 Μ.
1265 2314 1423 2397 spetile
1445 2311 1593 2397 (spectile

401 2424 484 2504 Vre.)
506 2435 639 2490 uocatur
660 2424 745 2490 iufra
764 2408 951 2491 umbilicum
974 2425 1053 2506 suis,
1065 2421 1153 2507 quod
1169 2431 1218 2488 est
1239 2424 1328 2488 carui
1343 2423 1468 2509 proprii
1485 2421 1592 2488 ouius

396 2532 470 2598 dam
487 2533 618 2598 babitus
636 2553 726 2613 exos,
747 2551 813 2615 qus
829 2531 926 2604 etiem
948 2533 1073 2615 antiqui
1096 2551 1151 2615 per
1167 2551 1203 2597 se
1229 2533 1409 2601 utebantur.
1458 2532 1592 2597 Plautus

396 2641 637 2720 enumcraud[is
659 2641 778 2724 sJuillls
801 2643 871 2724 (cfr.
892 2641 1017 2707 Keilius
1032 2642 1119 2707 Mors.
1135 2640 1235 2709 Rieu.
1253 2641 1301 2705 Vl
1311 2642 1439 2724 pm)
1461 2641 1593 2707 obsouls

398 2752 429 2816 iu
443 2750 645 2818 Carbonario
656 2752 704 2818 sic
714 2774 768 2818 m:
782 2772 842 2836 ego
854 2773 986 2836 pernam
1001 2772 1027 2818 e.
1044 2773 1074 2836 q.
1089 2772 1117 2817 s.
1174 2753 1206 2818 II
1225 2752 1351 2818 Nouius
1364 2774 1394 2837 p.
1408 2752 1482 2832 221,
1500 2751 1539 2816 10
1551 2750 1592 2821 Μ.

396 2859 614 2943 patibulum
637 2863 755 2944 genere
770 2868 897 2927 neutro:
912 2861 1092 2928 masculino
1105 2859 1272 2926 Licluius.
1292 2909 1299 2924 .
1317 2911 1323 2924 .
1342 2911 1348 2925 .
1365 2860 1498 2927 Plautus
1513 2857 1591 2925 Oar-

396 2968 545 3034 bouerie:
569 2967 746 3052 patibulum
771 2991 798 3035 e.
822 2989 851 3051 q.
874 2989 900 3035 s.
946 2969 995 3036 111
1010 2969 1230 3037 PriscianusI
1250 2988 1281 3052 p.
1297 2971 1401 3051 516‚5
1420 2970 1458 3036 H.
1484 2962 1590 3033 a‘rlo‘

396 3078 504 3158 verbo,
536 3078 625 3161 quod
657 3077 794 3161 simplex
828 3075 952 3160 prinae
975 3083 1025 3143 eet
1046 3077 1293 3160 coniugatione,
1314 3078 1497 3162 composita
1519 3097 1590 3142 cum

394 3186 635 3269 praepositione
656 3188 771 3252 tertiae
794 3193 869 3252 suut
891 3193 923 3251 et
945 3186 1103 3271 primitivi
1133 3192 1263 3252 servant
1284 3187 1460 3272 perfectum
1483 3185 1592 3274 dupli·

396 3296 502 3392 cantia
521 3287 586 3361 ‘di'
608 3317 635 3363 e.
658 3316 687 3380 q.
711 3317 735 3363 s.
768 3297 878 3379 itaque
912 3296 1021 3362 omniu
1055 3295 1139 3362 idem
1172 3283 1381 3381 praeteritum
1414 3294 1588 3382 perfectum

397 3534 431 3590 36
443 3549 494 3604 ego
506 3531 564 3586 cod.
580 3536 639 3588 esto
656 3532 847 3588 Tuuouuumo
865 3533 1015 3590 lucensius
1031 3534 1132 3590 Plcilol.
1147 3533 1269 3590 XXXV
1279 3552 1307 3604 p.
1318 3538 1370 3590 159
1384 3552 1452 3604 egeo
1469 3533 1591 3590 Balbissa.

395 3628 482 3699 scopis
496 3628 617 3698 puudrut
638 3634 667 3686 ac
684 3631 724 3686 uel
743 3647 816 3688 nuuc
834 3648 924 3701 ego..
943 3629 1030 3689 oilero
1046 3631 1084 3685 uel
1102 3631 1195 3700 similo,
1217 3630 1289 3700 quod
1314 3631 1344 3686 iu
1365 3645 1444 3688 uersu
1468 3635 1592 3699 superma

394 3727 515 3796 positum
532 3727 620 3794 [russo
641 3732 736 3796 potest.
784 3727 882 3796 spetile
905 3727 981 3784 Festi
1000 3727 1060 3782 cod.
1082 3728 1259 3798 prioratum,
1282 3728 1367 3784 Puub¹
1382 3727 1459 3784 codd.
1477 3743 1507 3797 p.
1529 3731 1592 3794 331,

398 3828 440 3879 10.
460 3824 574 3892 spectile
593 3823 670 3880 Fasti
688 3823 748 3880 cod:
764 3824 795 3878 iu
812 3839 891 3882 uersu
909 3823 978 3892 ipso.
997 3830 1028 3878 ut
1046 3825 1144 3893 spetile
1156 3824 1273 3891 formum
1281 3824 1479 3893 producatur,
1496 3825 1591 3880 suadas

395 3920 509 3976 murico
526 3921 606 3976 rotio.
644 3922 677 3974 87
697 3919 839 3990 patibulos
858 3919 934 3976 ferar
951 3920 1019 3976 copi.
1042 3921 1168 3990 Lipsius,
1193 3921 1266 3990 quod
1292 3921 1407 3978 cultores
1424 3928 1591 3992 receperunt,

397 4032 559 4086 puoupuuru
572 4016 696 4076 ulieuuu
714 4016 871 4086 urmiuucpuo
890 4021 985 4086 aptatu
1002 4016 1091 4072 curui
1112 4017 1195 4085 infert
1224 4018 1392 4073 ceramium.
1429 4035 1513 4087 uepres
1530 4019 1591 4075 sucu

395 4128 465 4184 opus
481 4117 521 4168 cst
538 4112 649 4168 sotlec
667 4112 819 4182 patibulos,
839 4112 904 4182 puio
917 4114 1087 4170 accusativus
1098 4115 1255 4184 patibulum
1273 4115 1403 4184 udpeaus
1411 4116 1591 4174 maurulum

395 4208 605 4278 iuluatuuudum,
631 4209 662 4264 id
679 4209 751 4278 quod
772 4207 885 4264 Nouius
909 4209 1075 4274 intendebat,
1096 4209 1172 4267 houd
1199 4211 1275 4268 uolet.
1312 4213 1422 4280 saepiu
1444 4212 1515 4270 euim
1534 4212 1591 4268 No·

395 4305 460 4360 aius
482 4306 585 4362 simitu
608 4307 699 4360 miurus
724 4310 794 4375 apto
822 4307 943 4375 aucupto
968 4305 1124 4375 adscripsit,
1149 4312 1180 4361 ut
1206 4325 1237 4377 p.
1255 4312 1311 4365 221
1335 4325 1358 4364 s.
1381 4326 1405 4364 u.
1434 4309 1589 4372 reticulum,

395 4406 492 4472 p226
509 4419 564 4459 eu.
582 4406 678 4458 status.
715 4401 813 4471 affigat
823 4400 896 4458 codd.
910 4401 1027 4473 suifigur
1040 4402 1108 4458 coui.
1126 4402 1241 4473 Lipuiou
1277 4403 1410 4475 affigetur
1423 4405 1590 4460 Gulocbius.

397 4500 448 4567 cfr.
473 4500 689 4556 Persuasus
712 4503 741 4553 te
765 4499 841 4558 cruci
865 4499 956 4569 ipsum
980 4498 1103 4570 adfigent
1121 4500 1284 4570 propediem
1300 4501 1373 4558 elici.
1429 4505 1463 4558 38
1482 4521 1591 4573 eampse

395 4597 463 4654 com.
483 4596 672 4655 mutunus
694 4597 783 4666 ipsam
801 4596 974 4654 Priscam.
1014 4595 1201 4654 Ooubouurioa
1218 4597 1328 4664 sabulos
1340 4599 1498 4658 susumus
1510 4600 1589 4654 odiu-

396 4694 470 4750 dt'oot
488 4695 649 4750 Bitscbeliue
670 4694 780 4761 Pcrcrp.
797 4709 825 4762 p.
844 4697 881 4748 98
898 4694 963 4760 (cfr.
982 4711 1009 4762 p.
1027 4695 1091 4762 101)
1109 4709 1212 4750 uerum
1236 4697 1301 4752 Tibi
1319 4699 1393 4754 servi
1410 4699 1491 4752 multi
1516 4698 1591 4768 bpud
