3634 5534
908 477 1081 531 -40-

877 647 1107 716 HOR'PVLVS

544 761 665 826 Pracco
694 759 738 824 ibi
759 758 860 838 adsit;
884 758 954 825 cim
978 777 1107 842 corona,
1127 761 1246 844 quique
1268 761 1374 840 licoat,
1397 763 1521 826 veneat.

886 960 1100 1028 LIPARGVS

543 1069 598 1137 Nil
631 1092 736 1138 moror
768 1071 847 1137 mihi
879 1070 986 1138 finum
1017 1071 1051 1136 in
1081 1072 1175 1137 alveo
1213 1071 1331 1154 apibus
1364 1071 1419 1154 qni
1456 1068 1580 1154 peredit

843 1179 960 1246 cibum.

852 1353 1131 1422 NERVOLARIA

989 1467 1004 1531 Ι

544 1577 684 1644 Sooblna
706 1579 739 1642 ni
762 1597 823 1662 ego
844 1577 934 1644 illurn
959 1581 1100 1644 actutum
1123 1575 1241 1644 adraso
1264 1597 1382 1644 senem.

396 1831 606 1898 minutionem
636 1852 656 1895 a
689 1833 796 1914 pneris
833 1830 911 1896 dicti
942 1839 1023 1898 sunt.
1067 1833 1176 1915 itaque
1204 1838 1236 1898 et
1261 1831 1383 1897 Ennius
1404 1831 1464 1896 ait:
1489 1828 1586 1895 Poeni

396 1963 424 2008 e.
447 1962 475 2024 q.
500 1962 524 2008 s.
547 1949 579 2007 et
611 1940 769 2008 Lucilius:
807 1961 942 2024 cumque
964 1962 990 2008 e.
1013 1963 1042 2026 q.
1062 1962 1086 2008 s.
1110 1949 1142 2008 et
1185 1943 1332 2008 Plautus:
1367 1942 1440 2006 olim
1463 1959 1490 2004 e.
1514 1959 1544 2022 q.
1566 1959 1589 2004 s.

397 2050 621 2117 Priscianusl
651 2071 681 2134 p.
717 2052 788 2132 231,
812 2051 849 2115 21
878 2051 917 2116 H.
950 2052 988 2116 de
1025 2072 1144 2136 pueros
1178 2052 1304 2135 puellus
1338 2050 1447 2133 puella
1480 2049 1592 2130 formis

397 2161 552 2226 disserens
577 2160 710 2226 Plautus
733 2161 765 2226 in
788 2159 971 2226 Lenonilrus
992 2161 1145 2244 geminis:
1179 2159 1266 2226 dolet
1289 2180 1315 2226 e.
1329 2180 1360 2242 q.
1376 2180 1401 2226 s,
1427 2157 1590 2226 Osbernns

398 2290 428 2353 p.
452 2270 512 2334 407
528 2269 569 2333 Μ.
604 2268 680 2334 item
713 2268 754 2332 ab
778 2267 995 2350 hocnomine,
1030 2268 1116 2352 qnod
1138 2277 1187 2334 est
1208 2289 1296 2352 puer,
1316 2267 1370 2334 hic
1391 2268 1548 2352 puellus
1571 2268 1591 2332 i.

399 2379 532 2459 iuvenis,
557 2377 642 2444 unde
662 2376 795 2444 Plautus
820 2377 852 2443 in
875 2378 1073 2444 Lenonibus:
1096 2377 1183 2443 dolet
1205 2398 1231 2444 e.
1256 2398 1285 2461 q.
1309 2398 1334 2444 s.

496 2485 725 2552 HORTVLVS
748 2486 862 2552 Festus
886 2507 914 2571 p.
939 2487 1013 2569 3065
1032 2494 1051 2552 4
1069 2486 1108 2552 Μ.
1131 2488 1200 2553 sub
1221 2507 1366 2553 corona
1385 2488 1520 2553 venire
1544 2486 1590 2552 di·

400 2602 522 2678 cuntur,
556 2595 634 2679 quia
666 2597 787 2680 captivi
820 2598 961 2664 coronati
982 2597 1087 2662 solent
1110 2599 1233 2678 venire,
1258 2605 1292 2663 ut
1314 2599 1362 2664 ait
1384 2596 1463 2662 Cato
1488 2597 1521 2662 in
1543 2617 1592 2676 eo,

397 2706 451 2788 qui
474 2711 524 2771 est
546 2704 586 2770 de
609 2726 644 2771 re
666 2707 811 2772 militari:
836 2711 869 2772 ut
893 2707 1031 2789 populus
1055 2726 1081 2772 e.
1106 2727 1134 2789 q.
1159 2727 1183 2774 s.
1207 2707 1242 2772 id
1264 2714 1371 2775 autem
1393 2708 1520 2790 signum
1544 2712 1592 2772 est

397 2814 478 2879 nihil
502 2814 662 2898 praestari
687 2835 707 2880 a
732 2816 864 2899 populo,
886 2815 971 2898 quod
993 2817 1087 2882 etiam
1112 2815 1245 2884 Plautus
1273 2816 1437 2900 significat
1458 2817 1489 2881 iu
1512 2816 1591 2880 Hor·

397 2924 481 2990 tulo:
504 2943 621 3008 praeco
645 2943 672 2988 e.
695 2943 725 3006 q.
749 2943 774 2988 s.

496 3031 710 3100 LIPARGVS
745 3030 931 3098 Priscianus
954 3033 968 3097 1
991 3052 1022 3115 p.
1045 3034 1115 3114 522,
1138 3033 1208 3098 sfl.
1233 3034 1266 3097 in
1297 3022 1372 3096 ‘do’
1400 3051 1495 3098 unum
1517 3053 1591 3097 ano-

398 3144 516 3208 malum
546 3143 706 3208 invenitur
736 3140 815 3207 ‘edo
848 3161 882 3207 es
907 3141 979 3206 est'.
1024 3141 1233 3207 vetustissimi
1253 3148 1360 3206 tamen
1385 3142 1482 3207 etiam
1504 3141 1592 3206 ‘edo

397 3250 483 3318 edis
505 3251 606 3317 soit
630 3250 781 3317 dicebant
815 3256 962 3333 correpta
984 3251 1089 3335 prima
1113 3251 1248 3335 syllaba.
1292 3249 1434 3317 Naevius
1457 3252 1491 3316 in
1516 3249 1591 3316 (iar-

397 3359 544 3425 bonaria:
567 3359 624 3424 tibi
648 3379 674 3425 e.
698 3379 727 3442 q.
751 3380 775 3424 s.
798 3379 861 3424 non
884 3364 990 3442 potest
1014 3359 1097 3423 enim
1121 3355 1154 3422 in
1182 3357 1242 3422 hoc
1266 3357 1372 3425 iambo
1394 3360 1592 3443 paenultima

397 3467 523 3553 syllaba
555 3470 653 3553 longa
684 3487 763 3549 esse,
797 3475 832 3533 ut
865 3467 1070 3551 intellegatur
1094 3467 1313 3550 praeteritum,
1336 3489 1376 3534 ne
1400 3469 1445 3536 sit
1467 3489 1591 3535 scazon.
1656 3455 1659 3460 ¹

397 3577 530 3644 Plautus
550 3580 580 3643 in
604 3578 759 3662 Lipargo:
791 3577 835 3641 nil
859 3596 964 3642 moror
987 3596 1013 3641 c.
1036 3596 1066 3659 q.
1088 3596 1112 3641 s.

497 3686 776 3754 NERVOLARIA
803 3687 818 3752 I
852 3685 951 3752 Varro
981 3684 1021 3751 de
1044 3687 1063 3750 l.
1087 3686 1107 3751 l.
1130 3686 1202 3769 VII,
1226 3687 1266 3752 68
1281 3687 1321 3752 Μ.
1351 3688 1382 3752 in
1402 3687 1592 3753 Neruolaria

396 3926 506 3995 puellus
524 3924 611 3980 Prisc.
631 3923 740 3979 osbern.
761 3923 832 3992 quod
850 3923 951 3995 recepit
961 3921 1243 3993 Drucycruu‘Syuloc
1256 3922 1281 3976 ul.
1293 3922 1339 3976 lat.
1349 3917 1417 3990 Sur?
1429 3919 1481 3977 11¹
1496 3939 1525 3991 p.
1538 3925 1592 3978 392

397 4023 486 4076 minus
503 4026 581 4088 recte,
599 4026 629 4074 ut
648 4020 755 4089 opinor.
773 4019 823 4086 cfr.
839 4036 869 4088 p.
889 4024 914 4075 7.

496 4121 530 4171 77
550 4117 650 4185 cuique
672 4116 730 4171 cod.
754 4117 856 4185 quique
875 4133 943 4172 corr.
961 4116 1090 4187 Section,
1108 4117 1157 4183 cfr.
1178 4115 1344 4171 Mensorum.
1363 4119 1424 4170 548.
1448 4119 1545 4170 voulut
1561 4115 1593 4168 iu

397 4215 693 4270 munusculorum
712 4213 820 4268 Kallas
839 4213 912 4268 Mus.
931 4213 1015 4268 Rhea.
1040 4211 1083 4266 VI
1096 4229 1125 4281 p.
1145 4216 1316 4268 suavescat
1340 4211 1463 4266 Vrsinus.

496 4309 640 4380 Liphargo
658 4309 699 4376 B;
718 4307 799 4364 ‘codd
819 4303 1356 4380 Erl.1Lips.1LigurgoualLicnrgo'
1376 4305 1514 4362 Krelalr'us.
1539 4307 1591 4373 cfr.

395 4411 481 4478 p.10.
500 4409 653 4474 Λέπαργον
670 4405 690 4458 i.
708 4421 728 4460 c.
746 4422 851 4460 uacum
869 4405 937 4460 ‘aluo
954 4401 1507 4493 umre'upinyuempiqrumqraer'ntelleqil
1517 4403 1591 4456 Buc-

397 4504 522 4558 murus.
578 4502 612 4555 78
630 4501 700 4556 nihil
717 4501 795 4556 codd.
809 4503 849 4556 nil
866 4501 984 4572 Sculiyer
1027 4502 1091 4554 albo
1110 4500 1136 4555 G
1156 4499 1219 4554 albo
1244 4499 1271 4552 B
1294 4501 1356 4554 alvo
1384 4501 1440 4554 rell.
1459 4499 1532 4554 codd.
1552 4500 1592 4553 nl·

399 4617 449 4654 veo
464 4599 566 4654 Porcus
577 4598 694 4653 Botulus
706 4597 867 4654 Ritsclrclius
888 4598 986 4667 Opuac.
1006 4597 1045 4651 II
1055 4614 1085 4666 p.
1102 4599 1157 4652 730
1173 4613 1230 4665 sqq.
1259 4596 1353 4666 perdit
1371 4598 1401 4651 D
1412 4596 1542 4666 per-«dit
1552 4597 1589 4650 K.

500 4697 543 4751 De
560 4696 723 4752 Ner-volaria
741 4697 819 4752 titulo
837 4712 861 4751 r.
878 4695 1019 4751 stacteus
1038 4695 1151 4765 Puram.
1170 4711 1198 4764 p.
1217 4697 1261 4758 84,
1280 4698 1331 4750 174
1350 4711 1408 4763 sqq.
1448 4696 1482 4748 79
1502 4693 1591 4773 scobi·
