3634 5534
739 511 914 564 ..ῃ-

229 689 285 750 est.
308 701 414 766 neque
435 699 546 746 versus
569 697 641 745 esse
663 678 745 744 alins
761 679 949 762 cuiusquam
972 685 1085 763 poetae
1108 701 1165 747 cur
1187 689 1334 766 putemus
1357 682 1424 749 ulla

229 799 278 858 est
301 809 409 857 causa.
462 808 505 853 an
535 788 563 852 si
596 805 671 852 vere
693 786 776 852 Men.
798 787 857 870 ΙΙΙ,
892 787 918 870 1,
946 789 966 852 3
989 794 1020 854 et
1041 789 1062 852 4
1084 789 1224 855 intercisi
1248 797 1329 868 sunt,
1360 811 1424 856 non

228 902 293 966 duo
316 899 423 964 Plauti
444 897 592 980 exempla
615 895 736 962 adferri
760 899 951 980 potnerunt?
974 895 1030 964 sed
1052 917 1092 963 ne
1115 897 1176 963 hoo
1198 897 1326 980 quidem
1343 919 1424 983 opus

228 1018 278 1076 eut
300 1007 415 1091 accipi,
440 1008 513 1073 illos
534 1006 616 1073 Men.
641 1025 753 1072 versus
775 1008 912 1072 omissos
935 1025 1015 1072 esse.

328 1116 431 1184 Nonii¹
449 1136 481 1199 p.
505 1116 576 1194 180,
608 1115 628 1178 9
658 1108 813 1198 ‘tippula
847 1115 967 1180 animal
994 1116 1190 1182 levissimum
1212 1116 1300 1200 qnod
1321 1138 1424 1201 aquus

230 1249 293 1294 non
315 1225 433 1306 nando,
466 1223 524 1290 sed
553 1221 732 1306 gradiendo
763 1230 913 1290 trauseat
961 1219 1063 1291 Varro
1095 1245 1121 1290 e.
1149 1245 1179 1307 q.
1208 1245 1231 1290 s.
1275 1225 1422 1294 Plautus:

228 1337 331 1404 levior
353 1355 389 1402 es
411 1354 507 1417 quam
528 1323 669 1418 tippula'
696 1331 782 1398 hand
805 1339 901 1414 recte,
935 1339 970 1398 ut
992 1335 1116 1417 opinor,
1151 1355 1260 1401 omnes
1283 1335 1424 1402 editores

229 1447 404 1513 adPersae
425 1465 453 1510 v.
470 1443 532 1508 244
557 1436 678 1526 ‘neque
690 1441 828 1526 tippulai
841 1443 945 1508 levius
960 1442 1100 1527 pondust
1114 1463 1211 1525 qnam
1234 1444 1315 1510 fides
1336 1445 1425 1512 leuo-

228 1547 290 1622 nia'
334 1554 534 1620 retulerunt.
589 1559 622 1618 et
652 1535 831 1618 sententiae
865 1557 896 1616 et
929 1552 1029 1617 verba
1060 1553 1157 1636 plane
1179 1550 1309 1619 diversa
1342 1560 1425 1620 sunt.

231 1683 333 1747 neque
355 1667 463 1728 autern
487 1661 570 1726 inter
593 1679 704 1726 omnes
718 1679 838 1725 ¹versus
860 1659 1029 1732 Plautinos
1050 1681 1070 1724 a
1092 1661 1198 1726 Nouio
1233 1662 1423 1746 descriptos.

230 1774 284 1856 qui
309 1771 405 1838 iidem
428 1770 463 1836 in
486 1770 591 1836 Plauti
614 1769 781 1836 codicibus
803 1771 961 1853 leguntur,
985 1789 1082 1834 unum
1105 1769 1252 1838 invenies
1276 1772 1426 1838 similiter

230 1883 453 1966 depravatum.
511 1879 671 1944 contrario
693 1877 818 1942 Nonius
851 1879 931 1960 ipse,
964 1879 1088 1944 etiamsi
1110 1876 1291 1944 fabularum
1314 1881 1426 1946 titulos

230 2009 470 2072 nonnumquam
493 1987 675 2068 confudit1)
700 2007 803 2070 neque
825 2007 952 2072 semper
973 1993 1062 2054 tanta
1078 1987 1249 2074 diligentia
1269 2008 1345 2054 usus
1368 1995 1426 2070 est,
1513 1986 1516 1991 ’

231 2107 267 2164 ut
289 2100 507 2181 exemplorum
530 2098 727 2165 insontibus
751 2104 948 2180 repertorum
972 2103 1071 2164 totum
1086 2104 1267 2164 contextum
1291 2099 1426 2181 inopus

234 2225 327 2276 suum
350 2209 543 2281 transferret,
565 2213 673 2272 mmen
696 2206 823 2290 singula
845 2208 944 2272 verba
966 2207 1044 2272 satir
1067 2206 1221 2274 adcurate
1243 2206 1426 2290 exscripsit.

233 2335 337 2398 neque
358 2317 426 2382 eius
449 2315 598 2382 auctores
621 2317 653 2381 in
674 2317 822 2382 versibus
845 2315 1066 2382 describendis
1090 2316 1188 2381 simili
1216 2336 1256 2382 ac
1277 2314 1426 2382 Servium

231 2425 433 2509 neglegentia
455 2445 531 2492 usos
553 2425 664 2504 inisse,
697 2426 797 2492 ullum
819 2425 912 2511 adest
934 2425 1099 2492 indicium.
1154 2427 1201 2492 sic
1236 2427 1340 2508 potins
1374 2445 1426 2490 res

229 2553 301 2600 sese
328 2533 447 2602 habere
478 2535 620 2600 videtur:
654 2541 817 2602 auctorem
834 2535 1070 2605 commentarii
1105 2535 1305 2616 Varroniani,
1340 2533 1426 2600 unde

228 2643 354 2709 Nonius
378 2644 442 2710 ista
472 2645 621 2728 exempla
654 2643 842 2726 desumpsit.
874 2651 909 2709 ut
931 2643 1036 2710 Verrii
1068 2644 1171 2727 copiis
1195 2643 1325 2726 saepius
1349 2662 1425 2709 usus

228 2750 319 2834 est2),
354 2753 401 2818 ita
433 2773 519 2836 quae
548 2753 592 2818 ad
617 2750 807 2836 ‘tippulam'
842 2751 1024 2836 adscripsit,
1061 2752 1204 2818 eVerrii
1228 2771 1324 2835 opere
1347 2751 1426 2816 hau·

229 2863 312 2927 sisse
335 2863 450 2944 probat
472 2863 696 2948 interpretatio
719 2862 815 2928 huius
838 2863 974 2928 voculae,
994 2861 1106 2928 eadem
1129 2881 1150 2926 a
1172 2861 1278 2928 Nonio
1301 2861 1321 2926 l.
1344 2881 1372 2926 a.
1395 2867 1427 2926 et

228 2993 249 3036 a
263 2971 364 3038 Paulo
387 2993 416 3055 p.
432 2973 493 3036 366
515 2973 653 3055 prolata:
677 2971 810 3038 Verrius
833 2970 896 3036 duo
916 2971 1063 3054 exempla
1077 2970 1230 3038 Plautina
1252 2970 1426 3045 adiecerat,

229 3086 262 3146 et
284 3080 344 3145 hoc
363 3079 481 3146 ‘levior
502 3099 537 3146 es
562 3099 658 3162 quam
682 3069 823 3164 tippula'
855 3087 887 3145 et
911 3080 1029 3146 Persae
1050 3100 1079 3142 v.
1095 3080 1167 3158 244,
1189 3099 1323 3161 quorum
1346 3081 1425 3145 alte-

229 3207 309 3270 rum,
331 3195 366 3254 ut
387 3190 475 3254 soliti
500 3196 574 3256 suut
588 3187 699 3272 copias
720 3190 846 3271 amplas
870 3189 1067 3268 contrahere,
1090 3187 1206 3254 Festus
1228 3190 1278 3255 vel
1295 3188 1425 3270 Paulus,

228 3297 363 3362 alterum
376 3296 569 3364 Varroniani
592 3296 814 3364 commentarii
837 3304 948 3365 auctor
970 3298 1021 3363 vel
1044 3297 1170 3364 Nonius
1193 3299 1425 3380 receperuntit.

330 3557 354 3620 l)
371 3555 512 3610 Nonnulla
531 3556 657 3625 exempla
672 3556 786 3626 collegit
799 3555 1003 3610 Studemundus
1021 3554 1252 3611 ‘Emendationes
1266 3554 1423 3612 Plautinae'

203 3663 204 3666 ’
228 3669 256 3720 p.
277 3653 309 3704 14
329 3667 370 3718 sq.
512 3659 514 3662 '
906 3643 908 3646 ¹
1344 3653 1348 3662 '

328 3745 357 3814 2)
377 3746 408 3801 V.
428 3745 574 3802 Schmidtii
595 3748 641 3802 ‘de
659 3747 743 3801 Nonii
761 3748 888 3802 Marcelli
912 3748 1072 3804 auctoribus
1094 3746 1296 3818 grammaticis’
1318 3767 1343 3818 p.
1367 3751 1425 3806 131.

331 3843 359 3910 3)
378 3842 480 3898 Versus
499 3845 560 3898 ‘sed
579 3844 641 3898 leno
662 3845 806 3916 egreditur
825 3845 908 3914 lonas,
928 3845 1001 3898 Hinc
1019 3863 1053 3898 ex
1071 3847 1180 3922 occulto
1199 3864 1354 3903 sermonem
1368 3847 1426 3902 eius

128 3947 130 3952 '
228 3939 385 4008 sublegam'
410 3940 445 3994 ab
474 3941 627 3994 editoribus
658 3941 732 3995 inter
760 3941 918 4012 fragmenta
946 3942 1053 3996 incerta
1076 3943 1159 4012 positi
1189 3942 1217 4012 (a
1236 3942 1337 3996 Bothio
1357 3961 1377 3996 s.
1399 3962 1425 3998 n.

229 4035 275 4103 37)
294 4035 370 4104 apud
387 4034 459 4088 Non,
479 4054 506 4106 p.
526 4039 587 4104 332,
607 4038 639 4089 31
662 4055 696 4090 ex
714 4038 860 4092 Aulularia
879 4038 982 4108 prolati
1006 4043 1078 4092 sunt.
1123 4039 1200 4092 ouius
1228 4039 1339 4092 fabulae
1363 4057 1425 4093 cum

230 4133 265 4185 ob
285 4131 390 4185 lenonis
410 4133 577 4186 mentionem
597 4149 654 4188 esse
675 4134 865 4203 nonpossint,
885 4133 1035 4188 Mercarius
1056 4133 1196 4203 ceterique
1206 4134 1289 4202 Nonii
1305 4136 1426 4190 editores

231 4241 275 4279 eos
303 4228 339 4281 ad
357 4226 529 4282 Vidulariam
548 4230 727 4298 rettulerunt,
755 4229 961 4284 Studemundus
988 4231 1062 4284 iuter
1079 4229 1239 4285 Vidulariae
1261 4231 1426 4302 «fragmenta

232 4323 341 4392 recepit,
361 4341 527 4392 quamquam
559 4325 646 4379 ‘haud
674 4326 742 4379 satis
770 4326 898 4395 liqueret,
927 4327 1065 4394 quomodo
1099 4327 1203 4381 lenonis
1226 4345 1344 4397 persona
1363 4347 1425 4384 eum

231 4424 394 4488 argumento
414 4420 575 4475 Vidulariae
594 4422 762 4476 conectenda
781 4424 872 4477 esset’.
921 4422 1037 4476 fortasse
1066 4422 1223 4492 fragmento
1243 4424 1308 4478 Vlll
1340 4427 1426 4482 ‘nunc

229 4531 323 4570 servos
354 4521 499 4586 argentum
529 4535 546 4572 a
574 4524 655 4586 patre
678 4519 889 4588 expalpabitur’
918 4519 1025 4574 lenonis
1054 4537 1174 4588 persona
1200 4519 1324 4577 fulcitur.
1362 4541 1424 4578 cum

228 4612 303 4664 enim
323 4613 436 4667 omnino
455 4614 488 4667 de
508 4631 598 4668 amore
619 4616 646 4668 in
666 4614 812 4670 Vidularia
831 4619 924 4670 actum
942 4617 987 4684 sit,
1015 4621 1164 4686 argentum
1188 4617 1269 4673 facile
1290 4619 1426 4688 interpro·
1498 4655 1501 4663 -

227 4709 333 4762 laberis
353 4727 369 4761 a
387 4713 467 4780 patre
495 4711 655 4778 extorqueri
679 4710 713 4764 ad
735 4710 889 4764 Soterinem
910 4711 1048 4780 virginem
1067 4731 1083 4766 a
1102 4713 1200 4768 lenone
1227 4714 1424 4769 redimendam.

1260 4813 1276 4862 2
