3634 5534
747 499 923 570 -13.'.

237 690 340 756 Verrii
363 689 468 772 ipsius
481 688 584 754 'libros
599 708 663 753 non
681 689 840 754 evolvisse
856 691 928 752 cum
950 689 1031 753 iuter
1052 691 1319 770 umdes'coustat,
1342 689 1430 754 Festi

237 801 376 883 epitome
398 817 490 864 usum
512 817 583 862 ease
604 817 667 862 nou
690 803 835 881 apparet
890 797 989 860 immo
1017 798 1125 860 omnia
1154 815 1239 878 qnae
1268 797 1429 863 insunt-iu

236 909 394 974 Prisciani
428 907 520 972 libris
547 906 704 972 Verriaua
735 926 793 991 per
825 905 1000 972 secuudum
1035 915 1197 971 auctorem
1230 926 1268 971 eo
1283 929 1285 934 ·
1301 907 1432 972 inducta

236 1038 308 1084 esse
338 1015 503 1092 videntur,
539 1015 643 1080 Verrii
675 1035 790 1080 nomen
814 1015 913 1080 semol
936 1015 1120 1080 Priscianus
1146 1013 1251 1078 adfert
1271 1015 1286 1079 l
1310 1035 1339 1098 p.
1360 1017 1431 1096 212,
1522 1027 1528 1037 ·

239 1129 277 1191 ltl
300 1120 526 1192 ‘inveniuntur
547 1132 653 1190 tamen
678 1124 808 1206 quidam
832 1123 911 1189 baec
935 1124 1020 1188 allex
1042 1124 1197 1189 feminino
1221 1143 1337 1206 genere
1356 1144 1432 1208 pro·

183 1253 191 1268 ·
236 1237 359 1318 tulisse,
372 1236 457 1318 quod
472 1235 577 1319 Caper
588 1235 729 1300 ostendit
745 1234 785 1300 de
799 1234 907 1314 dubiis
923 1235 1107 1317 generibus,
1123 1233 1268 1300 Verrium
1281 1234 1430 1300 Flaccum

237 1345 385 1430 posuisse
407 1345 540 1410 allecem
556 1342 639 1409 hanc
660 1336 796 1408 diccns'.
835 1363 940 1426 neque
962 1351 1067 1408 tamen
1092 1351 1256 1409 causaest
1278 1363 1335 1410 cur
1348 1342 1431 1408 huuc
1483 1335 1485 1340 ’

236 1475 364 1537 quoque
387 1453 588 1518 Friuolariae
613 1473 739 1519 versum
762 1453 963 1518 Prisciauum
984 1473 1003 1518 e
1027 1452 1123 1535 Capri
1154 1453 1236 1518 libro
1269 1455 1432 1536 recepisse

237 1563 444 1628 coniciamus.
478 1562 575 1627 multo
590 1561 797 1628 verisimilius
819 1561 855 1626 fit
876 1562 1137 1645 interpretatione
1153 1561 1284 1628 voculae
1306 1561 1433 1628 adiecta

235 1665 288 1737 ‘et
312 1673 438 1755 proprie
467 1671 606 1736 intercus
633 1690 718 1753 aqua
750 1671 875 1748 dicitur,
907 1690 1002 1752 quam
1027 1671 1143 1736 Graeci
1176 1664 1312 1750 ὕδρωπα
1333 1673 1431 1736 nomi·

237 1771 337 1856 nant’‚
366 1779 503 1846 eundem
527 1798 598 1845 esse
622 1779 741 1844 fontem
760 1800 800 1844 ex
823 1799 886 1860 quo
902 1779 1033 1844 Servius
1049 1779 1127 1844 baec
1143 1779 1185 1844 ad
1198 1780 1292 1864 Verg.
1317 1780 1431 1864 Georg.

236 1891 261 1978 1,
287 1891 347 1953 124
370 1889 573 1972 adposuerit:
599 1882 759 1970 ‘veterna
782 1889 923 1972 pigritia,
947 1883 1034 1974 lotio,
1058 1890 1132 1970 quia
1147 1890 1335 1971 plerumque
1351 1891 1430 1954 otic-

236 2019 290 2064 sos
313 2001 396 2063 solet
415 1998 470 2064 bic
491 1998 620 2064 morbus
644 1997 812 2076 incessere,
836 1996 969 2063 Plautus
992 1999 1026 2062 in
1039 1997 1179 2063 Addicto
1193 1992 1211 2016 “
1220 2017 1300 2083 opus
1323 1999 1431 2064 lacere

238 2108 339 2172 nimio
361 2127 455 2188 quam
477 2107 617 2172 dormire
639 2107 774 2186 mavolo,
798 2113 962 2173 veternum
979 2098 1129 2188 metuo.'']
1153 2113 1301 2174 veternus
1323 2117 1429 2174 autem

242 2216 362 2281 dicitur
382 2217 509 2282 morbus
533 2218 672 2281 intercus
695 2217 715 2280 i.
739 2211 915 2298 adriperet,
947 2219 1006 2299 qui
1030 2217 1177 2284 homines
1201 2218 1299 2284 elficit
1320 2219 1431 2302 pigros

241 2325 286 2404 [et
307 2325 445 2390 dicimus
470 2325 522 2390 bic
542 2325 693 2402 intercus,
723 2325 816 2391 huius
838 2322 1041 2412 intercutislf.
1082 2329 1263 2411 relegamur
1284 2329 1316 2391 ni
1339 2328 1432 2393 fallor

238 2434 281 2499 ad
306 2434 423 2499 librum
445 2433 485 2498 de
508 2434 597 2498 vitiis
618 2433 838 2517 corporalibus
862 2435 1025 2518 scriptum.
1062 2417 1200 2502 fortasse
1222 2434 1283 2501 hoc
1305 2457 1432 2519 quoquc

235 2545 307 2609 loco
320 2543 504 2609 Priscianus
520 2543 659 2624 itemque
675 2541 838 2624 Serviusl)
863 2544 1017 2608 Suetonio
1035 2546 1082 2610 usi
1098 2552 1181 2620 suut,
1209 2545 1264 2626 qui
1291 2546 1323 2610 iu
1335 2546 1432 2611 Prato

237 2652 391 2718 devitiis
414 2651 636 2734 corporalibus
659 2659 779 2734 egerat.
835 2677 839 2684 ¹

335 2761 572 2826 Perluatrantes
587 2766 751 2826 auctorum
765 2759 920 2842 ordinem,
942 2781 1076 2844 quornm
1098 2761 1216 2828 studiis
1239 2763 1431 2846 factumest,

240 2877 273 2933 ut
294 2869 500 2935 dubiosarum
520 2869 625 2934 Plauti
648 2869 997 2934 tabularum'memoria
1019 2891 1081 2935 non
1105 2873 1208 2936 omnis
1225 2873 1432 2958 abolesceret,
1530 2935 1533 2939 .

240 2978 386 3044 videmus
408 2987 481 3062 post
498 2978 680 3044 ¹Varronem
704 2977 914 3060 Verriumque
939 2981 1085 3063 inprimis
1107 2980 1269 3047 Valerium
1294 2982 1432 3049 Probum
1484 3025 1488 3034 ·

240 3088 403 3170 Berytium
426 3087 484 3154 b'as
507 3088 692 3154 comoedias
714 3089 894 3172 perlegisse
911 3089 1014 3171 iisque
1037 3110 1129 3154 usum
1153 3111 1225 3156 esse
1246 3091 1288 3156 ad
1305 3091 1432 3158 thesau-

237 3217 298 3265 ros.
312 3187 592 3280 grammaticarum
615 3198 874 3263 observationum
897 3200 1072 3281 augendos.
1106 3200 1270 3265 Valerium
1292 3201 1431 3267 Probum

237 3307 404 3390 Berytium
420 3307 502 3371 dico.
536 3325 639 3388 neque
663 3307 748 3371 cuim
764 3306 841 3371 mihi
859 3306 988 3372 dubium
1011 3316 1068 3387 est,
1092 3309 1169 3390 quin
1188 3308 1341 3392 Steupius
1355 3311 1434 3376 talia

238 3415 346 3481 studia
369 3415 588 3498 grammatica,
621 3414 670 3480 de·
699 3416 849 3497 qualibus
873 3414 926 3480 bic
955 3417 1071 3499 agitur,
1106 3418 1276 3482 recentiori
1305 3419 1432 3486 cuidam

238 3523 343 3589 Probo
364 3523 542 3589 attribuens
566 3524 729 3589 erraverit.
769 3525 865 3590 nimis
888 3527 1035 3607 augustis
1056 3525 1171 3592 finibus
1185 3527 1307 3611 Berytii
1326 3528 1433 3594 studia

239 3633 396 3716 coartavit
429 3641 525 3717 atque
547 3634 676 3698 tertiam
699 3633 878 3699 studiorum
902 3654 1004 3717 genus
1031 3656 1052 3699 a
1082 3635 1236 3701 Suetonio
1268 3638 1431 3704 laudatum

239 3739 396 3823 (reliquit
422 3749 527 3806 autem
551 3762 612 3808 non
636 3741 831 3807 mediocrem
858 3743 972 3810 silvam
997 3744 1255 3811 observationum
1278 3749 1432 3812 sermonis
1503 3813 1504 3817 ,

238 3848 394 3932 antiqui')
421 3868 531 3933 parum
555 3851 705 3933 respexit.
745 3851 802 3916 sed
834 3872 873 3917 ne
896 3859 1048 3934 repetam,
1082 3873 1164 3935 quaa
1197 3857 1262 3920 iam
1294 3855 1336 3920 ab
1358 3857 1433 3922 aliis

237 3959 315 4024 viris
349 3959 486 4040 doctis2l
517 3961 551 4024 in
582 3959 710 4044 Steupii
738 3962 929 4026 senteutiam
958 3969 1044 4028 recte
1075 3963 1206 4045 prolata
1235 3973 1318 4044 suut,
1351 3965 1432 4030 satis

238 4065 340 4132 babeo
363 4087 491 4133 monere
514 4090 564 4134 me
587 4070 695 4135 omnia
719 4091 803 4153 quae
825 4079 950 4137 veteres
980 4073 1154 4156 scriptores
1177 4076 1236 4140 sub
1259 4074 1355 4140 Probi
1379 4095 1431 4138 uo-

238 4176 323 4241 miue
345 4177 485 4256 tradunt,
523 4177 564 4242 iis
586 4177 736 4244 videlicet
759 4181 912 4263 exceptis
945 4201 1028 4263 quae
1052 4181 1156 4247 Probo
1185 4185 1305 4249 saeculi
1325 4187 1431 4267 quarti

238 4283 410 4350 litteratori
442 4284 678 4370 adiudicantur,
720 4287 761 4354 ad
798 4289 961 4372 Berytium
996 4291 1126 4357 referre.
1180 4285 1303 4358 Probus
1322 4287 1444 4376 ,igitur

274 4441 275 4444 ’
326 4438 364 4503 ’1)
384 4436 510 4490 Servium
531 4435 655 4490 Suetonii
674 4436 786 4492 ‘Proto’
805 4441 894 4494 multa
908 4441 1008 4496 debere
1027 4441 1177 4496 ostendunt
1190 4444 1432 4499 Reifferscheidius

237 4535 255 4588 l.
274 4551 298 4586 a.
316 4551 343 4602 p.
362 4532 603 4587 claudicabamus
622 4535 651 4587 iu
670 4535 841 4590 Fleckeiseni
862 4539 962 4590 Annal.
981 4539 1071 4608 suppl.
1091 4539 1156 4592 VIlI
1172 4558 1199 4608 p.
1219 4543 1279 4594 532,

336 4631 365 4696 2)
384 4629 440 4683 crs.
450 4629 600 4684 Teuffelius
610 4629 615 4648 ‘
624 4631 702 4686 Stud.
714 4634 771 4686 und
784 4634 928 4688 Charalrt.²
946 4655 972 4705 p.
984 4638 1037 4688 442
1048 4636 1188 4691 Vahlenus
1201 4638 1257 4691 iuti.
1269 4639 1331 4692 lect.
1340 4639 1432 4695 Berol.

239 4725 355 4796 raculae
376 4745 405 4794 p.
428 4730 467 4780 10.
