3626 5530
899 529 1074 581 ..73-

859 731 964 797 LVIII
987 732 1035 814 (B.
1058 731 1113 814 43)

537 859 719 943 Numquam
741 859 783 926 ad
805 858 968 926 ciuitatem
992 859 1086 925 venio
1108 859 1171 924 nisi
1195 858 1415 924 circumfertur
1430 859 1571 942 peplum.

878 1026 953 1092 LIX
975 1027 1025 1105 (B,
1041 1026 1096 1109 47)

536 1156 684 1224 paupera
704 1142 755 1205 est
778 1135 857 1204 hacc
880 1137 995 1204 muller

880 1270 940 1335 LX
962 1271 1012 1352 (B.
1036 1270 1091 1350 45)

537 1381 610 1464 Ipsa
629 1379 693 1446 sibi
716 1385 846 1446 mortem
866 1386 955 1446 creat

949 1531 1025 1598 LXI

386 1639 447 1705 290
539 1645 679 1708 castrum
701 1660 875 1726 poenarum

485 1924 591 1991 LVIII
619 1923 752 1992 Servius
774 1924 817 1990 ad
851 1926 930 1991 Aen.
953 1926 969 1991 Ι
992 1945 1020 1988 v.
1042 1926 1105 1989 480
1127 1926 1362 2009 peplumque
1386 1925 1583 2000 ferebant,

386 2034 517 2119 peplum
540 2033 669 2119 proprie
692 2042 741 2100 est
762 2034 851 2120 palla
873 2035 961 2120 picta
984 2033 1124 2103 feminea
1146 2033 1309 2102 Minervae
1332 2041 1585 2109 consecratam

386 2143 534 2210 Plautus:
559 2163 731 2226 numquam
755 2163 782 2210 e.
805 2163 835 2226 q.
858 2163 884 2208 s.

408 2339 410 2344 Ι
487 2252 562 2318 LIX
597 2251 729 2318 Servius
764 2251 806 2320 ad
836 2253 915 2320 Aen.
949 2253 1006 2318 III.
1030 2274 1058 2320 v.
1083 2254 1144 2318 539
1166 2229 1271 2326 teriia
1293 2253 1468 2339 hospita,
1493 2275 1583 2321 usur·

386 2361 495 2448 pative
515 2354 674 2446 ‘hospita‘
699 2361 790 2444 dixit,
821 2382 904 2447 quae
932 2364 1015 2428 enim
1039 2363 1072 2428 in
1094 2382 1128 2428 es
1151 2368 1277 2442 exeunt,
1310 2363 1491 2428 communia
1512 2382 1583 2429 esso

386 2480 532 2555 possunt.
571 2491 645 2536 nam
678 2472 865 2537 femininum
899 2472 933 2537 in
966 2492 987 2537 a
1017 2493 1080 2538 non
1105 2463 1242 2538 mittunt.
1280 2472 1443 2538 Lucanus:
1466 2470 1582 2557 hospes

385 2602 412 2647 e.
434 2599 464 2664 q.
486 2601 510 2646 s.
547 2601 606 2647 nec
639 2583 763 2661 mirum,
800 2581 935 2648 abusum
969 2601 1040 2650 esse
1067 2563 1250 2666 Virgilium,
1287 2601 1357 2648 cum
1390 2588 1422 2646 et
1448 2583 1583 2647 Plautus

381 2688 585 2776 ‘paupera'
620 2690 748 2771 dixerit,
797 2692 838 2758 ab
866 2710 903 2757 eo
937 2690 1024 2774 quod
1046 2699 1095 2757 est
1115 2690 1169 2757 hic
1191 2698 1223 2758 ct
1244 2689 1325 2758 haec
1346 2710 1478 2774 pauper.
1503 2689 1584 2756 idem

384 2800 426 2865 ad
445 2799 524 2866 Aen.
540 2799 607 2866 XII
629 2821 657 2865 v.
674 2802 745 2866 519.
769 2820 995 2886 pauperque
1010 2799 1154 2866 domus.
1175 2795 1252 2866 ‘hic'
1277 2807 1309 2866 et
1328 2797 1425 2866 ‘haec
1448 2800 1580 2883 pauper‘

385 2909 536 2976 dicimus:
552 2929 625 2974 nam
636 2908 809 2994 ‘paupera'
827 2917 1015 2994 usurpatum
1027 2917 1084 2976 est.
1107 2911 1154 2976 sic
1166 2910 1314 2975 Plautus:
1328 2929 1474 2993 paupera
1483 2928 1582 2993 c.q.s.

483 3019 544 3085 LX
580 3020 711 3086 Servius
745 3017 788 3086 ad
816 3019 895 3084 Aen.
919 3018 963 3084 VI
985 3039 1014 3085 v.
1038 3020 1099 3084 205
1123 3018 1291 3084 brumali
1324 3017 1477 3102 l'rIgore
1510 3018 1583 3083 vis-

385 3150 476 3214 eum,
500 3129 581 3195 bene
600 3126 767 3194 ‘brumali'
795 3127 932 3193 addidit.
976 3134 1051 3192 tunc
1072 3127 1157 3194 euim
1190 3132 1348 3192 maturum
1382 3133 1430 3192 est
1459 3133 1491 3192 et
1513 3128 1583 3192 auri

386 3241 529 3305 imitatur
552 3240 699 3316 colorem,
729 3259 803 3304 nam
837 3257 920 3303 nova
943 3236 1057 3304 fronde
1080 3237 1173 3303 viret.
1208 3237 1303 3322 quod,
1336 3245 1370 3304 ut
1391 3238 1438 3304 ait
1458 3238 1584 3304 PIInius

384 3350 416 3416 iu
451 3349 589 3416 naturali
622 3349 773 3432 historia,
817 3347 857 3416 dc
887 3348 961 3414 fimo
995 3348 1190 3416 turdelarum
1224 3349 1257 3414 iu
1285 3348 1382 3416 certis
1414 3347 1584 3414 arboribus

384 3460 535 3526 nascitur.
572 3456 657 3524 unde
680 3457 830 3524 Plautus:
854 3458 925 3542 ipsa
947 3479 973 3524 e.
996 3479 1025 3543 q.
1045 3479 1070 3524 s.

485 3567 561 3633 LXI
599 3567 731 3634 Servius
753 3567 796 3634 ad
817 3567 894 3634 Aen.
917 3568 972 3648 VI,
997 3570 1056 3634 775
1079 3576 1330 3651 castrumque
1351 3568 1507 3633 Inui...
1532 3587 1584 3633 ca-

384 3685 484 3745 strum
517 3684 624 3744 autem
651 3677 766 3746 civitas
792 3685 848 3744 est.
890 3699 965 3744 nam
987 3683 1094 3744 castra
1115 3699 1247 3745 numero
1281 3677 1398 3762 plurali
1433 3677 1583 3754 dicimus,

384 3786 460 3854 licet
482 3787 654 3868 legerimus
677 3786 711 3851 in
733 3785 847 3854 Plauto
867 3785 1019 3853 ‘castrum
1043 3785 1247 3871 poenarum’3
1272 3786 1470 3870 quodetiam
1490 3785 1582 3851 dimi-

383 3896 474 3962 nutio
497 3893 646 3978 ostendit,
669 3916 744 3961 nam
767 3895 934 3962 castellum
957 3892 1105 3961 dicimus.

382 4196 401 4234 c
419 4178 553 4234 Lorcnaio
572 4177 609 4234 od
628 4176 756 4233 PseudoI.
775 4195 797 4233 o.
817 4183 879 4234 523.
953 4179 1004 4232 287
1015 4195 1077 4233 cum
1094 4177 1214 4232 infertur
1234 4175 1308 4232 codd.
1327 4175 1438 4248 quando
1458 4177 1582 4232 infertur

383 4275 498 4331 Botlc'cr
517 4275 713 4330 clrcumfcrtur
739 4273 847 4343 sorr'paa‘.
874 4292 936 4328 cum
957 4274 999 4328 illi
1023 4274 1114 4329 fertur
1134 4274 1320 4330 Bucclrclerus.
1394 4276 1446 4328 288
1472 4291 1582 4342 pauper

383 4373 418 4426 M
444 4373 581 4442 (paupera
611 4387 683 4426 marr.
711 4373 773 4440 rec.)
808 4371 858 4438 cfr.
894 4367 984 4426 Vidul.
1010 4371 1046 4438 fr.
1078 4371 1174 4426 XVII
1199 4388 1323 4440 paupera
1351 4372 1419 4426 haec
1457 4387 1499 4425 res
1529 4374 1581 4425 est.

383 4469 436 4520 289
459 4467 486 4520 vi
518 4469 549 4522 F
567 4467 620 4521 sibi
637 4473 695 4522 cett.
716 4468 774 4522 aris
793 4474 855 4523 cate
874 4472 993 4523 mortem
1012 4469 1089 4523 codd.
1105 4468 1277 4538 praetoris
1314 4473 1392 4523 cacat
1414 4468 1483 4524 coni.
1504 4467 1580 4522 Bur·

383 4581 499 4619 mannire
524 4565 624 4619 Isidori
656 4565 732 4636 Orr'p.
752 4563 824 4634 XII,
844 4570 869 4627 7,
886 4571 920 4621 71
950 4565 1096 4634 respiciens
1115 4565 1234 4628 turdela,
1263 4566 1342 4634 quasi
1361 4565 1450 4618 maior
1470 4563 1580 4630 turdus,

383 4664 592 4718 ouiusstercore
619 4663 724 4718 viscum
753 4665 880 4734 generari
900 4667 1025 4733 putatur,
1049 4661 1121 4717 unde
1151 4667 1180 4716 et
1203 4661 1382 4731 proverbium
1401 4660 1475 4729 apud
1503 4660 1575 4714 anti·

385 4777 454 4830 quos
488 4765 557 4822 erat,
594 4761 700 4815 malum
730 4761 782 4816 sibi
813 4777 892 4815 avem
927 4777 1030 4815 cacare.
1108 4761 1161 4814 290
1187 4775 1340 4828 poenorum
1372 4774 1394 4813 r.
1426 4773 1579 4825 poenarum
