3634 5534
721 659 948 726 Aeuouovs

315 771 335 832 5
378 796 398 832 L
418 771 512 853 quusi
535 771 630 853 lupus
653 769 694 836 ab
716 769 814 834 drmis
836 767 938 849 valeo,
961 767 1071 835 cluincs
1092 745 1408 902 rntranlrgux'ff.

775 943 889 1010 ANVS
1173 905 1216 1020 fij
1249 883 1361 1008 *ffl

1312 985 1356 1078 tl

1175 1028 1217 1094 >u
1243 1010 1350 1084 Quo}
1389 1030 1428 1094 is:

742 1109 919 1178 ΑΒΤΕΜΟ
1187 1082 1437 1178 §discifer

823 1237 837 1302 Ι
1019 1235 1021 1238 ’
1204 1153 1422 1299 Qr'

380 1349 474 1415 Nunc
497 1347 575 1415 mlhi
598 1349 674 1414 licet
695 1347 824 1430 quidvis
844 1347 949 1430 loqui:
971 1367 1064 1414 nemo
1080 1346 1132 1413 hic
1147 1347 1240 1414 adest
1254 1349 1428 1432 superstes,

329 1601 462 1668 Servius
496 1600 538 1667 ad
570 1599 665 1684 Verg.
695 1599 811 1684 Georg.
836 1599 860 1683 1,
883 1601 943 1664 124
971 1607 1145 1678 veterno,
1179 1597 1313 1686 pigritia
1335 1597 1428 1684 [otiu
1497 1618 1499 1622 ⁴

166 1753 169 1760 ·
233 1712 308 1794 quia
334 1711 521 1795 plerumque
548 1710 668 1776 otiosos
692 1709 775 1775 solet
797 1707 848 1774 hic
872 1709 1001 1775 morbus
1025 1711 1194 1776 incessere.
1238 1708 1372 1777 Plautus
1395 1711 1428 1776 in

231 1820 382 1888 Addicto:
407 1839 489 1905 opus
504 1841 531 1886 e.
544 1841 575 1906 q.
588 1819 630 1904 s]
648 1827 798 1886 veternus
813 1825 920 1885 autem
937 1818 1055 1884 dicitur
1069 1818 1197 1886 morbus
1213 1821 1350 1886 intercus
1364 1821 1384 1886 i.
1400 1839 1427 1886 e.

230 1924 358 2014 ὕδρωψ,
380 1929 435 2012 qui
458 1929 603 1997 homines
626 1929 726 1995 efficit
749 1931 858 2014 pigros
882 1928 929 2010 [et
953 1928 1089 1996 dicimus
1109 1928 1162 1995 hic
1177 1929 1317 1996 intercus
1333 1928 1443 1996 huius¹

233 2041 421 2118 intercutis].
460 2040 516 2121 cfr.
538 2061 637 2121 supra
656 2061 688 2122 p.
712 2039 762 2106 13.
1260 2029 1267 2044 ’
1294 2027 1296 2032 ’

334 2147 556 2216 AGROEOVS
579 2149 703 2216 Gellius
727 2149 785 2230 ΙΙΙ,
798 2151 827 2230 3,
839 2150 858 2212 9
870 2149 997 2214 Marcus
1009 2154 1117 2214 tamen
1128 2148 1228 2213 Varro
1245 2148 1278 2212 in
1288 2146 1372 2213 libro
1386 2147 1427 2214 de

236 2257 405 2324 comoediis
416 2256 576 2324 Plautinis
600 2259 704 2343 primo
728 2259 819 2326 Accii
843 2259 943 2325 verba
964 2258 1045 2324 haec
1068 2260 1174 2341 ponit:
1198 2279 1270 2323 nam
1294 2258 1426 2324 necGe·

233 2367 327 2432 minei
358 2367 506 2434 Lenones
531 2389 590 2435 nec
613 2367 806 2434 Condalium
826 2389 885 2435 nec
909 2371 995 2436 Anus
1018 2369 1136 2450 Plauti,
1169 2389 1228 2436 nec
1255 2367 1310 2434 Bis
1342 2386 1425 2434 com·

230 2495 342 2559 pressa
364 2497 424 2542 nec
449 2475 582 2543 Boeotia
605 2495 755 2558 umquam
778 2475 848 2554 luit,
872 2494 975 2558 neque
998 2475 1081 2541 adeo
1102 2477 1300 2560 Agroecus
1322 2495 1426 2559 neque

229 2585 482 2651 Commorientes
498 2585 600 2650 Macci
612 2583 689 2650 Titi.
726 2583 844 2650 Paulus
859 2604 889 2668 p.
903 2585 953 2665 61,
972 2585 1009 2648 17
1026 2583 1066 2648 M.
1084 2586 1217 2652 clunes
1240 2584 1424 2650 masculine.

228 2695 375 2760 Plautus:
398 2694 491 2780 quusi
514 2715 541 2761 e.
558 2715 588 2778 q.
605 2713 630 2760 s.
675 2694 798 2761 Nonius
823 2715 853 2776 p.
879 2694 947 2777 196,
971 2695 1008 2758 31
1035 2692 1077 2758 Μ.
1101 2695 1239 2760 clunes
1262 2694 1424 2762 feminino.

226 2800 396 2870 Horatius:
420 2803 506 2886 quod
528 2823 632 2887 e.q.s.
656 2802 843 2870 masculino.
878 2803 1011 2870 Plautus
1034 2803 1186 2869 Abroico:
1209 2803 1303 2886 quasi
1315 2822 1342 2868 e.
1354 2822 1385 2886 q.
1399 2823 1424 2869 s.

327 2912 441 2978 ANVS
463 2913 538 2978 solis
557 2913 593 2978 ia
615 2911 705 2978 Accii
725 2911 864 2978 uersutus
886 2914 975 2978 modo
996 2911 1114 2979 adlatis
1135 2918 1333 2980 memoratur.

327 3022 505 3090 ARTEMO
528 3023 544 3088 l
566 3023 681 3090 Festus
703 3043 733 3107 p.
749 3025 821 3105 305,
836 3025 875 3090 27
889 3022 929 3088 Μ.
953 3025 1190 3108 superstites
1206 3029 1311 3091 testes
1334 3042 1424 3107 prae-

227 3139 335 3198 sentes
365 3132 536 3218 significat.
571 3133 662 3200 ouius
687 3133 733 3198 rei
757 3133 975 3199 testimonium
998 3140 1056 3215 est,
1089 3132 1176 3216 quod
1196 3131 1424 3218 superstitibus

227 3242 451 3324 praesentibus
480 3243 501 3316 i,
531 3242 616 3308 inter
646 3262 727 3326 quos
762 3244 979 3308 controversis
1014 3250 1076 3321 est,
1108 3242 1269 3308 vindicias
1301 3259 1425 3307 sumere

227 3349 386 3416 iubentur.
431 3350 564 3416 Plautus
595 3351 628 3414 in
653 3349 833 3415 Artimone:
864 3371 948 3416 nunc
971 3371 998 3417 e.
1013 3371 1043 3436 q.
1058 3371 1082 3416 s.
1116 3351 1159 3416 ad
1191 3349 1272 3416 haue
1302 3368 1424 3414 vasum

327 3611 485 3679 Agroecum
506 3610 616 3664 titulum
634 3611 755 3666 restituit
774 3608 940 3666 Ritscltelr'us
953 3611 1068 3681 Parcra.
1085 3628 1114 3680 p.
1125 3615 1244 3682 138cqq.
1264 3611 1361 3682 Opaca.
1373 3612 1429 3668 111

226 3723 253 3774 p.
283 3709 341 3760 181.
389 3723 523 3776 egroeous
553 3705 630 3762 codd.
663 3707 744 3762 Gellii
779 3708 891 3762 ebroico
925 3707 1000 3762 codd.
1029 3708 1127 3764 Nouii.
1167 3700 1317 3779 νΑγροικος
1345 3707 1424 3763 titulo

226 3803 375 3871 tmatptae
400 3805 510 3870 fabulae
540 3819 653 3873 praedae
681 3807 789 3859 adstant
819 3803 974 3873 Aeacidae,
1004 3805 1125 3875 Augeae,
1159 3805 1338 3873 Philemonis,
1365 3805 1423 3859 Aa·

227 3899 360 3968 tiphonis,
379 3900 539 3956 Menandri.
611 3901 726 3969 bqussi
747 3901 829 3955 Pauli
846 3907 871 3956 et
891 3901 977 3956 Nonii
996 3901 1071 3956 codd.
1093 3919 1161 3971 quas
1185 3901 1276 3956 Nonii
1294 3902 1321 3956 L
1339 3919 1423 3971 quem

227 3996 250 4050 si
269 3997 348 4066 lepus
365 3997 432 4051 acui.
454 3996 581 4051 Osaanus
618 3997 751 4052 infractos
770 3996 829 4050 fero
849 3997 935 4051 Pauli
950 3995 1025 4051 codd.
1044 3997 1155 4052 inflatos
1168 3997 1227 4052 edd.
1241 4002 1303 4053 cett.
1322 4003 1346 4051 ct
1363 3997 1422 4052 cod.

227 4093 343 4148 Bartlrir'
364 4094 488 4148 desertos
510 4110 578 4164 gero
597 4093 673 4150 codd.
694 4094 786 4149 Nouii
806 4094 930 4149 defectos
949 4093 1067 4148 Bothr'uc
1091 4094 1281 4166 Qudclrerattuo
1303 4094 1422 4148 disertos

227 4188 357 4244 Osaaaus
375 4191 511 4246 dierectus
529 4190 675 4261 Seyffertuc
691 4192 723 4245 ta
742 4190 841 4247 Plrr'lol.
860 4191 969 4246 XXIX
986 4193 1081 4261 (1670)
1096 4209 1125 4261 p.
1141 4196 1201 4246 416.
1222 4191 1423 4246 recteRr'tsalrc·

226 4287 281 4341 liar
299 4285 395 4354 Opaso.
414 4289 509 4357 1111).
527 4289 730 4344 minoratos
748 4289 871 4358 praefert
890 4294 970 4357 atquc
987 4289 1142 4343 desertore
1167 4288 1293 4343 distritcs
1321 4290 1361 4343 acl
1386 4288 1421 4342 sr'-

227 4383 285 4436 mr'lc'
302 4384 393 4452 aliquo
412 4389 570 4454 corruptum
590 4385 686 4440 ueteris
705 4386 860 4454 interpretis
878 4379 962 4439 marra
979 4386 1010 4438 ta
1028 4385 1119 4454 copias
1137 4403 1156 4440 a
1174 4385 1265 4439 Naaio
1284 4385 1423 4454 capitatae

225 4479 366 4535 inductura
385 4495 440 4536 esse
455 4482 594 4551 proponit.
631 4497 700 4550 quas
719 4481 804 4551 Oapra'
822 4482 861 4536 ccl
880 4482 965 4536 Probi
983 4484 1069 4551 fatssc
1087 4481 1149 4536 diui
1166 4496 1259 4550 supra.
1296 4497 1422 4537 nupturos

225 4591 317 4632 caras
334 4577 453 4632 restituit
471 4577 635 4634 Ritcclreliae
653 4577 670 4632 l.
689 4593 715 4632 a.
729 4593 759 4647 p.
777 4581 838 4634 183.

328 4673 371 4728 De
383 4675 543 4729 Artemonis
559 4671 650 4743 tituta,
661 4689 738 4743 quem
749 4675 856 4743 priores
866 4673 981 4728 editores
990 4675 1129 4729 Artemon
1139 4671 1315 4744 scripserat,
1325 4692 1349 4731 o.
1360 4675 1420 4731 Ru·
