3634 5534
746 503 922 555 ..37-

811 691 862 758 ΙΙΙ

306 807 345 869 65
390 804 568 888 Sequimini
590 824 640 870 me
662 803 722 871 bao
742 803 833 871 siliis
853 823 963 872 omnes
983 804 1127 888 legiones
1149 803 1337 873 Lavtmiae.

824 913 851 979 V

387 1022 425 1087 Α.
448 996 510 1088 libi
533 1023 647 1088 rorarii
661 1023 783 1124 estisl'
806 915 841 1086 il.
859 1022 999 1090 'Adsunb
1045 1023 1083 1089 Α.
1107 997 1167 1088 ilbi
1186 1029 1261 1089 sunt
1281 1025 1431 1090 aooensi?

478 1148 480 1154 ’
707 1131 742 1196 Β.
765 1131 848 1198 Eooe
872 1136 969 1209 [nos].

819 1241 847 1306 V

385 1321 482 1434 agite
503 1371 596 1434 nuno,
617 1350 775 1417 subsidite
797 1368 917 1434 omnes,
938 1350 1031 1434 qussi
1053 1351 1158 1417 solent
1179 1349 1296 1416 triarii.

236 1589 380 1680 κάρκαρα
413 1601 534 1664 eertum
562 1602 612 1662 est
634 1593 710 1677 diei,
743 1594 829 1662 unde
852 1600 884 1661 et
906 1613 1024 1660 aaroer.
1069 1591 1231 1660 Luoilius:
1256 1593 1380 1662 iactans
1402 1614 1430 1662 e.

237 1727 267 1790 q.
291 1726 318 1771 s.
340 1711 373 1772 et
393 1705 491 1772 alibi:
525 1723 705 1788 querquera
725 1723 754 1769 e.
777 1724 806 1786 q.
829 1724 855 1770 s.
899 1705 975 1770 item
998 1703 1149 1770 Plautus:
1171 1703 1200 1768 is
1223 1701 1303 1768 mihi
1322 1683 1431 1786 eos.

236 1815 352 1882 Festus
375 1835 405 1898 p.
428 1815 498 1894 257,
522 1815 562 1880 24
578 1813 618 1878 M.
642 1808 910 1900 querque[ram
931 1812 1050 1878 febrem
1065 1832 1197 1900 gravem
1218 1818 1251 1878 et
1268 1807 1431 1898 maglnam

236 1924 369 2007 qnidam
393 1919 523 2011 quero[u
546 1923 665 1990 dietam
686 1923 798 1988 volunt
819 1943 846 1988 e.
868 1942 897 2006 q.
920 1943 943 1988 s.
975 1923 1123 1990 Aurelius
1149 1917 1271 2008 autern]
1302 1921 1430 2006 Opilius

237 2033 389 2117 frigidam
410 2029 470 2122 alit
491 2032 556 2100 dioi
577 2039 610 2099 et
642 2051 713 2100 oum
735 2031 865 2098 horrore
887 2027 1096 2118 tremenltem.
1151 2031 1267 2100 Santra
1290 2051 1361 2098 eam
1390 2053 1431 2098 ex

241 2139 373 2229 (ilraeoo
406 2141 503 2225 duait,
536 2127 591 2226 qai
614 2138 795 2227 trem]orem
827 2141 985 2208 eiusmodi
1007 2136 1179 2228 κά[ρκαρον
1208 2140 1317 2210 dieunt
1345 2141 1431 2209 unde

243 2251 358 2319 diotnm
386 2247 469 2338 esse]
499 2251 597 2318 etiarn
620 2272 788 2319 oaroerem.
832 2247 978 2340 Plan[tus
1000 2252 1033 2318 in
1057 2251 1253 2318 Friuolaria:
1285 2251 1313 2317 is
1338 2247 1430 2336 mihi]

240 2369 306 2428 erat
338 2361 413 2428 bilis
448 2358 639 2448 querque[ra
670 2357 790 2446 tussisl.
834 2360 1020 2428 Priscianus
1050 2361 1117 2444 lp.
1139 2362 1210 2438 271,
1233 2362 1250 2425 1
1270 2361 1311 2426 H.
1340 2381 1430 2444 prae-

237 2479 325 2538 terea
347 2471 508 2538 invenitur
530 2470 618 2554 apud
640 2469 876 2538 vetustissimos
899 2471 1038 2536 intereos
1061 2471 1227 2538 interoutis
1252 2477 1285 2536 et
1300 2470 1431 2554 proprie

237 2583 409 2648 internus
432 2597 532 2662 aqua
554 2578 682 2661 dieitur,
704 2599 801 2661 quam
814 2577 931 2646 Graeoi
944 2573 1085 2659 ὕδρωπα
1096 2581 1271 2648 nominant.
1296 2580 1430 2646 Plautus

235 2690 269 2754 in
290 2688 469 2758 Friuolaria
492 2687 673 2768 (fribolaria
699 2688 832 2756 RADG
856 2687 1084 2754 friborlariaH
1105 2689 1275 2756 fribolaria
1292 2689 1378 2769 BKl:
1401 2689 1429 2756 is

235 2799 314 2866 mibi
326 2819 420 2882 e.q.s.
432 2798 486 2880 afr.
500 2797 607 2882 oleoso
616 2797 690 2862 Mai
702 2796 753 2862 VI
756 2799 884 2878 rama
891 2797 991 2866 Loew.
998 2796 1111 2864 Prodr.
1116 2797 1223 2880 ra327
1229 2822 1238 2864 :
1251 2819 1431 2882 querquera
1520 2799 1529 2864 ᾗ

235 2915 285 2974 est
305 2907 406 2976 febris
428 2908 522 2987 aeris,
544 2927 628 2991 quae
650 2926 721 2974 oum
743 2927 860 2992 magno
883 2907 1001 2989 frigore
1023 2907 1105 2976 solet
1127 2908 1245 2975 venire.
1297 2907 1342 2972 Ill
1367 2908 1427 2974 Fe·

236 3025 303 3084 stus
326 3038 357 3102 p.
379 3019 450 3100 301,
473 3019 513 3082 22
535 3016 575 3084 M.
599 3016 726 3096 sultis,
748 3018 776 3082 si
798 3017 902 3082 voltis.
945 3016 1078 3086 Plautus
1101 3017 1135 3082 in
1159 3017 1358 3084 Friuolaria:
1379 3038 1428 3084 se·

196 3149 198 3154 ’
235 3127 422 3210 quintini-e.
444 3145 476 3210 q.
496 3145 522 3192 s.
574 3125 617 3192 IV
641 3126 742 3192 Varro
775 3125 814 3192 de
848 3127 869 3192 l.
892 3127 912 3193 l.
936 3126 1007 3206 VII,
1035 3127 1076 3194 58
1091 3125 1131 3192 Μ.
1164 3127 1198 3192 in
1231 3127 1429 3194 Frivolaria:

236 3236 292 3304 obi
314 3257 340 3302 e.
363 3258 394 3321 q.
417 3256 442 3304 s.
489 3236 637 3304 rorarii
668 3235 748 3304 dieti
781 3237 836 3306 ab.
852 3257 933 3320 rore,
966 3237 1022 3321 qui
1043 3236 1164 3318 bellum
1186 3236 1429 3306 oommittebant

235 3354 319 3426 aule,
343 3347 416 3414 ideo
436 3346 523 3430 quod
543 3351 619 3412 ante
641 3352 729 3412 roret
748 3365 844 3429 quam
868 3346 961 3429 pluit.
982 3365 1172 3414 accensor
1194 3346 1429 3414 ministratores

235 3457 314 3524 (lato
337 3475 408 3523 esse
432 3455 559 3538 soribit;
587 3462 693 3539 potest
714 3453 749 3520 id
769 3456 812 3520 ab
833 3455 976 3538 arbitrio,
999 3476 1072 3524 nam
1096 3455 1170 3522 inde
1202 3455 1260 3538 (sio
1282 3456 1370 3522 oodd.
1394 3455 1429 3520 id

235 3568 276 3633 ab
292 3566 447 3633 aoeiendo
462 3565 588 3647 Maeli.)
611 3564 654 3630 ad
677 3564 845 3632 arbitrium
868 3566 939 3630 eius
954 3565 1069 3648 quoius
1085 3566 1240 3658 minister.
1281 3565 1309 3630 V
1327 3565 1429 3632 Varro

234 3675 275 3742 de
297 3677 317 3742 l.
341 3675 360 3740 l.
383 3675 421 3748 V,
444 3676 484 3740 89
499 3674 540 3740 M.
564 3673 666 3757 pilani
689 3674 820 3740 triarii
843 3691 977 3755 quoque·
991 3672 1067 3742 dioti
1090 3673 1177 3757 quod
1193 3675 1225 3740 in
1242 3675 1314 3742 aoie
1330 3675 1426 3743 tertio

232 3935 311 3992 codd.
338 3935 403 3992 bilis
420 3935 443 3988 is
462 3935 568 4002 scripsi.
587 3951 660 4002 aqua
678 3933 800 3988 intercus
820 3933 989 4001 Priscianus,
1010 3933 1084 3990 omis.
1097 3934 1183 3994 ,Fasti
1201 3939 1226 3988 et
1246 3933 1331 3992 Paua
1350 3935 1426 3990 oodtl.

233 4035 435 4103 querqueretus
465 4032 550 4088 Pauli
571 4031 649 4088 codd.
677 4030 748 4086 uada
765 4047 921 4101 querquera
943 4031 1025 4086 tusas
1044 4031 1121 4088 Festi
1139 4031 1252 4091 lammae
1269 4031 1426 4090 baiocarum.

233 4129 317 4184 tussis
342 4129 427 4184 febris
455 4128 512 4184 aaa
539 4145 696 4198 querquera
724 4128 813 4184 Prisc.
831 4127 907 4182 codri.
927 4128 951 4180 is
970 4133 1031 4183 erat
1048 4128 1131 4182 tussis
1153 4145 1310 4197 querquera
1327 4128 1428 4197 scripsi

233 4226 316 4282 tussis
344 4226 431 4282 febris
449 4243 605 4295 querquera
624 4225 720 4282 Plauti
743 4224 866 4293 aditores,
884 4230 915 4280 ul
932 4241 1037 4282 aarum
1060 4225 1223 4282 troobaioam
1245 4225 1427 4294 septenariam

233 4325 397 4392 estimarent,
423 4323 495 4389 salso
522 4322 607 4378 febris
633 4322 751 4390 primam
778 4322 909 4392 sububam
933 4323 1093 4390 productura
1121 4322 1300 4382 admittentes.
1341 4322 1426 4378 febris

232 4421 324 4489 alasa
341 4418 447 4474 mortar
466 4434 521 4474 eoae
537 4435 586 4488 pro
605 4401 769 4488 qnerqnora.
827 4421 862 4472 65
876 4418 945 4473 hano
960 4418 1015 4496 aad.
1030 4419 1082 4474 bao
1102 4417 1212 4488 Vre-oy.
1253 4419 1345 4474 stultis
1367 4419 1425 4474 aod.

233 4516 312 4572 sultis
340 4517 399 4572 Vra.
420 4531 461 4585 oq.
504 4517 626 4588 legiones
649 4533 743 4572 omnes
767 4518 896 4572 lavernae
924 4516 983 4572 cod.
1012 4534 1106 4572 omnes
1127 4517 1251 4587 legiones
1273 4516 1426 4574 Laverniae

232 4612 349 4668 Bolbiros
387 4615 421 4668 66
440 4613 535 4668 rorani
553 4614 620 4668 ΡΗ
653 4631 688 4668 an
716 4618 781 4668 sunt
809 4613 839 4670 F
849 4630 893 4681 pr.
920 4631 955 4670 en
973 4629 1111 4684 resorbeor.
1131 4629 1215 4668 manu
1236 4615 1304 4670 alio.
1324 4615 1427 4670 adsunt

234 4708 304 4767 roni.
328 4707 459 4764 Grotbisre
477 4709 494 4764 l.
513 4725 540 4764 o.
557 4726 586 4778 p.
604 4713 645 4764 41.
687 4727 737 4766 nos
760 4709 886 4766 incoari
909 4710 1001 4766 omaso.
1024 4710 1121 4766 odieoit
1146 4711 1271 4766 Botbe'us.
1309 4714 1343 4768 67
1362 4711 1425 4766 sub·
