3634 5534
761 495 917 546 -5-

241 689 338 752 opere
366 678 527 750 sumptum
537 665 570 747 ¹).
614 665 785 746 eidemque
813 665 936 730 auctori
964 664 1076 730 debuit
1098 665 1161 729 tria
1184 665 1326 730 incertae
1349 665 1435 730 sedis

239 779 428 860 fragmenta,
463 795 545 858 quae
568 774 695 857 exbibet
728 774 782 848 IV,
806 775 834 850 7,
859 775 886 851 l,
920 773 976 839 ubi
998 772 1095 838 Probi
1126 793 1240 838 nomen
1274 772 1435 840 adiectum

240 895 297 964 est,
321 894 353 951 et
375 885 497 962 XVIII,
513 886 560 962 12,
574 885 593 947 3
606 894 638 948 et
649 882 714 965 42).
759 883 791 948 in
808 883 1020 948 recentiorum
1035 889 1141 948 autem
1156 881 1435 964 grammaticorum

240 996 333 1060 libris
366 995 423 1077 qui
456 992 556 1058 adlati
590 1000 664 1057 sunt
696 1011 808 1057 versus
841 993 909 1056 lere
937 1011 1045 1056 omnes
1072 990 1232 1057 fluxerunt
1253 1011 1271 1056 e
1294 991 1435 1058 lontibus

240 1105 361 1170 saeculi
385 1124 415 1186 p.
439 1101 512 1168 Chr.
532 1101 638 1184 primi,
664 1099 697 1164 id
720 1101 805 1182 quod
829 1099 869 1166 de
891 1101 1037 1184 plurimis
1060 1106 1147 1166 certo
1171 1101 1279 1180 statui,
1300 1099 1340 1165 de
1362 1102 1435 1166 reli·

241 1214 313 1296 quis
336 1211 548 1296 probabiliter
570 1209 675 1276 conici
701 1210 785 1274 licet.
831 1209 991 1274 dubitatio
1024 1207 1056 1274 in
1081 1209 1180 1274 Gellii
1212 1211 1313 1276 verba
1347 1218 1436 1276 mota

239 1331 375 1405 angetur
397 1341 445 1396 eo,
464 1319 548 1402 quod
561 1317 772 1384 Nervulariae
793 1337 913 1395 versus,
935 1337 1030 1400 quem
1048 1317 1152 1384 adfert
1163 1317 1288 1386 Gellius
1298 1319 1356 1396 lll,
1368 1322 1398 1401 3,
1407 1320 1435 1401 6,

240 1433 326 1498 idem
350 1436 455 1496 exstat
477 1429 509 1494 in
521 1427 676 1494 Varronis
690 1427 729 1492 de
748 1428 767 1491 l.
781 1428 801 1490 l.
818 1426 890 1508 Vll,
902 1429 952 1491 65.
997 1427 1124 1510 qualem
1146 1447 1335 1502 consensum
1358 1447 1436 1494 casn

241 1542 359 1605 factum
392 1559 464 1604 esse
496 1537 551 1602 vix
583 1537 641 1602 tibi
674 1537 880 1620 persuadeas,
916 1543 1001 1602 certe
1025 1538 1124 1602 multo
1147 1537 1354 1603 verisimilius
1377 1545 1436 1614 est,

242 1650 412 1714 Varronem
436 1648 520 1714 sicut
540 1648 573 1713 in
590 1647 704 1730 paucis
720 1646 812 1711 libris
828 1647 923 1712 nobis
938 1646 1075 1712 servatis
1090 1667 1152 1730 non
1169 1666 1341 1730 numquam
1359 1668 1436 1736 eun·

240 1757 311 1822 dem
339 1778 466 1823 versum
497 1757 547 1822 bis
576 1757 693 1840 posuit,
731 1754 939 1820 Neruolariae
967 1775 1092 1820 versum
1115 1756 1211 1821 etiam
1233 1756 1267 1820 in
1288 1757 1372 1822 libro
1395 1757 1435 1822 de

239 1866 416 1932 comoediis
428 1865 587 1932 Plautinis
610 1864 766 1947 inscripto
789 1883 982 1930 memorasse
1005 1884 1140 1946 eumque
1161 1885 1201 1930 ex
1224 1865 1436 1932 hocGellium

239 1977 460 2059 exscripsisse.
505 1993 586 2056 quae
610 1976 636 2040 si
657 1980 743 2040 recte
763 1973 938 2057 disputavi,
962 1974 1060 2040 Gellii
1082 1974 1123 2040 de
1146 1974 1274 2054 fabulis,
1298 1995 1377 2057 ques
1400 1995 1435 2040 sc

239 2085 404 2150 lectitasse
428 2083 585 2166 gloriatus
601 2090 649 2148 est
663 2083 757 2165 quasi
782 2083 870 2167 ipsas
893 2083 1079 2167 inspexerit,
1102 2082 1182 2149 fides
1204 2082 1298 2148 valde
1320 2083 1434 2150 debili-

241 2200 337 2257 tatur.
381 2211 484 2274 neque
506 2192 602 2275 igitur
617 2192 785 2258 Ritscbelii
800 2193 1069 2274 argumentationi
1086 2193 1279 2276 adstipulari
1295 2211 1434 2278 possum.

236 2307 343 2383 'neque
367 2302 518 2366 Boeotiae
540 2289 663 2382 versus,
685 2302 806 2385 quippe
829 2321 909 2384 quos
929 2301 1126 2368 Ribbeokius
1149 2303 1341 2368 comicorum
1364 2302 1434 2367 reli-

238 2412 321 2493 quiis
346 2411 528 2488 inseruerit,
553 2411 637 2476 inter·
658 2411 841 2494 fragmenta
858 2411 1005 2476 Plautina
1027 2411 1146 2494 recepi,
1168 2431 1241 2476 cum
1262 2409 1302 2476 de
1325 2431 1435 2478 corum

237 2520 373 2602 origine,
397 2526 550 2602 qnantum
574 2519 679 2600 video,
702 2539 786 2586 nuno
809 2519 939 2601 quidem
961 2519 1091 2586 decerni
1114 2540 1177 2585 non
1200 2520 1264 2586 iam
1286 2519 1392 2586 liceat.

338 2629 518 2694 Titulorum
545 2629 727 2694 fabularum
755 2627 994 2711 deperditarum
1027 2629 1181 2712 plurimos
1204 2629 1335 2694 avitiis
1367 2628 1434 2694 edi-

238 2745 340 2802 torum
352 2737 547 2806 Ritscbelins
566 2739 699 2822 egregie
721 2737 882 2820 liberarit,
905 2738 953 2802 ita
976 2743 1011 2802 ut
1033 2757 1137 2820 pauca
1158 2743 1280 2802 tantum
1303 2744 1432 2815 restent,

239 2866 321 2928 quae
347 2846 517 2913 addantur.
562 2848 726 2931 Pagonem
757 2849 882 2912 titulum
911 2847 1071 2930 integral)
1101 2846 1255 2912 traditum
1277 2852 1311 2912 ut
1333 2854 1432 2912 mute·

239 2975 308 3021 mus
332 2955 459 3022 efficere
482 2978 545 3022 non
567 2963 671 3042 potest
694 2959 749 3022 illa
771 2959 824 3023 lex
849 2956 1059 3024 aRitscbelio
1080 2956 1121 3022 de
1141 2956 1304 3022 titulorum
1321 2956 1432 3021 formis

239 3065 352 3148 posita.
397 3085 502 3148 neque
521 3072 698 3132 ceterorum
714 3067 855 3132 virorum
872 3067 1038 3132 doctorum
1055 3065 1290 3144 coniecturae4)
1312 3064 1433 3130 babent

238 3175 336 3240 ullam
361 3175 620 3259 probabilitatem
644 3197 748 3259 neque
770 3176 894 3242 Loewii
913 3175 1024 3242 Prodr.
1044 3195 1074 3258 p.
1087 3176 1157 3255 292,
1191 3176 1246 3256 qui
1261 3174 1432 3257 Lipargum

236 3284 365 3348 titulum
387 3284 548 3350 Prisciani
572 3286 587 3349 Ι
608 3305 638 3368 p.
661 3287 721 3350 522
751 3285 902 3352 traditum
929 3287 960 3350 in
983 3285 1147 3367 Arpagum
1175 3289 1329 3350 mutatum
1359 3303 1430 3348 cum

236 3393 296 3458 boc
325 3413 519 3476 componens
547 3394 739 3460 eVarronis
766 3394 817 3458 ‘in
846 3414 984 3477 pagena:
1013 3393 1114 3459 honos
1138 3400 1324 3476 syncerasto
1347 3391 1433 3476 perit

237 3505 344 3584 pernis
382 3499 530 3583 glaudio'
572 3503 652 3568 talia
689 3502 815 3568 effinxit
844 3497 893 3567 ‘in
928 3521 1064 3585 arpago:
1105 3487 1212 3568 metuo
1247 3483 1293 3568 ne
1331 3499 1431 3567 bonos

237 3617 423 3692 syncerasto
446 3617 557 3693 pereat
578 3611 686 3695 pernis
709 3601 864 3695 glandio'.

335 3720 398 3789 Pro
422 3720 614 3796 Oscistione
638 3720 764 3802 quode
788 3719 968 3787 Cesistione
991 3720 1025 3788 in
1048 3720 1201 3785 Varronis
1224 3719 1335 3785 codice
1358 3719 1430 3786 Flo·

338 3921 364 3990 1)
384 3921 438 3976 cfr.
450 3921 628 3975 Mereklinius
646 3921 676 3974 in
687 3920 820 3976 Fleckeis.
832 3922 933 3976 Annal.
953 3922 1042 3990 suppl.
1053 3921 1094 3974 Ill
1104 3939 1130 3990 p.
1140 3923 1201 3989 652,
1219 3921 1430 3976 Kretschmerus

235 4018 253 4070 l.
274 4036 296 4071 o.
316 4035 341 4085 p.
356 4020 399 4082 st,
418 4018 547 4086 Steupius
566 4019 601 4072 de
620 4017 718 4072 Probis
737 4019 928 4090 grammaticis
949 4037 975 4088 p.
998 4019 1057 4072 199.

333 4115 362 4176 2)
383 4113 438 4168 etr.
458 4113 670 4168 Kretschmerus
696 4105 717 4168 l.
733 4135 757 4169 a.
776 4133 803 4183 p.
822 4117 866 4182 88,
896 4115 1025 4183 Steupius
1052 4117 1070 4168 l.
1088 4133 1112 4168 a.
1132 4133 1159 4184 p.
1175 4116 1233 4167 196.
1253 4145 1285 4153 -
1305 4114 1430 4168 Ritscbe-

235 4209 288 4263 lius
308 4210 421 4278 Parerg.
441 4228 468 4280 p.
493 4211 538 4264 131
559 4210 640 4264 nimis
659 4212 793 4265 benevole
819 4217 851 4264 ut
880 4211 979 4281 opinor
1007 4212 1041 4265 de
1060 4211 1143 4265 Gellii
1169 4211 1268 4265 studiis
1296 4211 1430 4265 iudicavit

236 4308 373 4362 coniciens
397 4325 460 4361 eum
477 4307 611 4362 Varronis
635 4309 807 4378 praescripta
826 4309 910 4362 etiam
929 4309 964 4362 ad
983 4311 1089 4362 ceteros
1110 4325 1179 4377 quos
1198 4307 1301 4362 adtulit
1318 4311 1430 4377 praeter

172 4405 175 4412 ⁴
235 4403 284 4471 lll,
304 4406 319 4457 3
340 4405 498 4458 fabularum
519 4405 712 4476 ambiguarum
729 4424 825 4460 versus
843 4405 1009 4460 adhibuisse.

334 4503 362 4568 3)
381 4501 438 4555 ctr.
452 4501 599 4556 Ribbeokii
618 4502 693 4557 Com.
715 4503 763 4556 lat.
783 4503 883 4572 fragm.
902 4502 997 4556 coroll-
1018 4520 1044 4571 p.
1065 4500 1173 4572 clllsq.

334 4599 360 4666 4)
379 4597 502 4670 Paplsgo
521 4599 640 4656 coniecit
658 4598 788 4654 Hertzius
818 4598 946 4652 Remeat.
968 4598 1038 4652 Gell.
1056 4603 1142 4654 mant.
1167 4617 1194 4669 p.
1214 4599 1258 4668 20,
1276 4598 1353 4654 Phao
1377 4599 1428 4654 La·

234 4695 368 4766 dewigius
386 4696 468 4749 Anal.
487 4710 558 4749 scen.
570 4710 597 4762 p.
619 4696 660 4748 13.
