3634 5534
1035 391 1043 432 l

915 496 1091 546 -12-

507 663 556 728 Ad
592 660 726 728 eundem
757 661 919 744 pertinent
939 682 1098 743 versuum,
1132 684 1211 746 quos
1234 665 1421 731 Priscianus
1454 665 1600 730 cPlauti

404 773 527 838 t'abulis
548 771 727 856 deperditis
749 771 865 847 adfert,
898 773 1036 856 plurimi.
1080 775 1187 839 versui
1211 773 1411 840 Friuolariae
1435 775 1450 840 I
1478 794 1508 856 p.
1532 776 1601 856 188,

404 883 450 950 26.
468 881 565 966 Capri
588 901 703 946 nomen
726 881 908 964 adscripsit.
943 881 1040 966 Capri
1063 883 1147 948 libro
1169 883 1296 948 etiaml
1319 905 1349 966 p.
1366 885 1437 960 280,
1463 884 1502 948 15
1525 903 1601 949 5555

407 1002 469 1057 est:
494 989 633 1074 ‘antiqui
657 997 763 1055 tamen
785 991 918 1073 ancipes
941 997 973 1058 et
995 993 1164 1076 praecipes
1198 999 1229 1058 et
1251 993 1372 1077 bicipes
1395 991 1601 1075 proferebant

407 1102 439 1166 in
463 1101 662 1166 nominativo
686 1107 724 1166 et·
741 1101 789 1166 sio
812 1100 987 1166 secundum
1010 1103 1191 1186 analogiam
1215 1103 1410 1185 sequebatur
1432 1101 1601 1186 genetivus

405 1211 539 1292 ancipes
561 1210 724 1294 ancipitis,
747 1217 782 1275 ut
804 1229 916 1292 sospes
932 1212 1071 1294 sospitis.
1103 1212 1235 1278 Plautus
1259 1212 1292 1276 in
1310 1210 1600 1278 051515511511111155

400 1317 600 1382 “Saliamin
623 1325 752 1401 putenm
776 1309 979 1403 praecipes''‚
1014 1318 1100 1384 idem
1122 1322 1153 1384 in
1177 1319 1324 1386 Rudente
1355 1313 1455 1404 “post
1487 1320 1595 1386 altrin-

405 1448 496 1493 secus
519 1436 567 1492 est
590 1428 767 1493 securicula
787 1427 1051 1511 ancipes-itidem
1075 1418 1196 1493 aurea'.
1238 1430 1428 1511 quibuscum
1452 1430 1599 1494 conteras

405 1535 545 1602 Charisii
568 1537 607 1618 (1,
628 1537 679 1616 15)
703 1557 732 1620 p.
749 1537 799 1612 88,
824 1539 861 1601 11
888 1530 1000 1618 ‘quam
1024 1538 1181 1602 rationem
1204 1539 1599 1604 515551551151111515155

365 1708 367 1712 .
404 1646 503 1710 multa
527 1645 605 1710 dure
629 1645 838 1727 protulerunt,
863 1653 897 1709 ut
918 1645 1050 1728 ancipes
1072 1666 1130 1730 pro
1154 1666 1273 1728 anceps
1296 1653 1328 1712 et
1351 1647 1520 1731 praecipes
1541 1667 1598 1734 pro

404 1746 571 1838 praeceps'
594 1753 687 1836 51(1,
712 1756 763 1834 17)
799 1775 828 1838 p.
855 1756 923 1828 120,
958 1756 997 1817 14
1029 1747 1179 1838 tancipes
1212 1763 1337 1820 veteres
1370 1776 1441 1820 cum
1475 1756 1598 1822 ratione

403 1865 554 1930 dixerunt
587 1885 626 1929 ne
649 1865 815 1947 genetivus
844 1863 998 1946 ancipitis
1021 1864 1146 1929 duabus
1171 1862 1336 1929 videretur
1359 1864 1491 1948 syllabis
1515 1884 1598 1930 cres-

403 1995 484 2040 cere.
550 1974 686 2038 ‘Plautus
727 1973 760 2036 in
788 1971 936 2037 Rudente
969 1966 1072 2055 “post
1109 1973 1298 2039 altrinsecus
1338 1980 1387 2038 est
1419 1974 1599 2039 securicula

402 2083 556 2167 ancipes'.
619 2083 715 2147 155115
752 2080 877 2146 uidebis
920 2101 1016 2146 unum
1052 2082 1229 2158 doctorem,
1272 2101 1366 2165 quem
1411 2083 1597 2148 Priscianus

403 2193 590 2258 adcuratius
624 2211 719 2274 quam
747 2191 849 2255 iulius
872 2190 1033 2255 Romanus
1066 2198 1097 2256 et
1129 2197 1241 2256 auctor
1263 2191 1446 2257 Charisiani
1481 2191 1596 2275 capitis

398 2304 428 2382 ¹1,
454 2305 491 2366 15
522 2301 698 2384 exscripsit.
757 2319 850 2382 quem
885 2300 1046 2366 doctorem
1070 2300 1209 2383 Capram
1241 2300 1340 2365 fuisse
1374 2301 1413 2365 iis
1442 2321 1524 2382 quae
1558 2301 1597 2366 dc

403 2410 541 2476 Charisii
564 2411 587 2488 1,
625 2409 765 2482 15511,
798 2407 999 2474 latentibus
1020 2408 1202 2489 disceptata
1236 2416 1309 2474 sunt
1329 2409 1492 2492 probatur.
1534 2410 1597 2475 Me-

402 2520 466 2585 dici
502 2517 637 2602 parasiti
671 2537 780 2582 versus
814 2517 830 2581 Ι
863 2537 893 2600 p.
916 2519 988 2600 489,
1032 2519 1070 2581 17
1093 2524 1199 2584 exstat
1233 2519 1266 2582 in
1300 2518 1382 2583 libro
1414 2539 1507 2594 nono,
1540 2520 1596 2585 ubi

402 2629 442 2694 de
474 2628 581 2693 verbis
612 2627 644 2690 in
671 2616 755 2692 ‘leo'
778 2625 1001 2692 desinentibus
1034 2627 1150 2708 agitur,
1187 2647 1270 2710 quae
1303 2648 1379 2711 pars
1411 2648 1452 2693 ex
1484 2629 1596 2694 eodem

402 2740 489 2804 tonte
513 2757 575 2820 quo
599 2735 765 2803 Diomedis
786 2757 818 2820 p.
841 2737 911 2814 373,
937 2737 1090 2819 17-374,
1113 2740 1132 2802 2
1158 2737 1305 2804 derivata
1329 2746 1395 2814 551,
1427 2737 1531 2804 idest
1556 2745 1610 2804 ex·

401 2847 505 2913 Probo
528 2867 585 2929 per
608 2845 756 2930 (1551515.
790 2847 896 2911 minus
919 2853 1005 2911 certo
1029 2848 1191 2912 enucleari
1207 2856 1314 2930 potest
1337 2848 1421 2912 unde
1447 2847 1594 2913 1155151-

392 2976 464 3037 sus,
499 2958 554 3040 qui
576 2957 659 3022 libro
682 2954 807 3020 decimo
831 2955 941 3020 inserti
966 2960 1048 3027 sunt,
1072 2954 1289 3021 Carbonariac
1312 2956 1327 3019 1
1350 2976 1381 3039 p.
1405 2957 1475 3032 516,
1503 2958 1539 3020 11
1564 2964 1596 3021 51

402 3067 534 3150 Lipargi
558 3067 574 3130 I
599 3086 626 3148 p.
650 3066 720 3141 522,
748 3065 786 3128 14
808 3062 990 3147 deprompti
1014 3064 1087 3127 sint.
1133 3063 1191 3128 sed
1215 3082 1286 3128 cum
1309 3065 1342 3127 in
1367 3064 1448 3128 libro
1469 3065 1595 3130 decimo

400 3196 502 3258 aeque
526 3182 621 3257 atque
644 3175 676 3238 in
699 3193 783 3237 nono
803 3173 1074 3256 saepius-ceteris
1099 3172 1308 3255 scriptoribus
1332 3172 1455 3237 Probus
1478 3193 1595 3237 memo·

400 3292 486 3349 uetur
507 3293 537 3349 51
560 3289 728 3366 praeterea
743 3283 844 3346 multa
858 3282 1007 3364 exempla
1029 3302 1100 3346 cum
1117 3281 1157 3346 iis
1173 3281 1383 3357 consentiant,
1406 3300 1489 3362 quae
1505 3280 1594 3362 apud

400 3393 588 3458 Diomedem
611 3392 786 3472 51515111),
811 3390 902 3474 quasi
920 3393 1003 3456 ultro
1026 3410 1060 3456 se
1084 3391 1177 3456 offert
1198 3391 1391 3463 coniectura,
1415 3389 1513 3456 etiam
1537 3388 1594 3454 hos

400 3521 519 3579 versus,
543 3501 597 3584 qui
622 3499 665 3565 ad
679 3501 760 3564 tales
776 3500 946 3565 verborum
961 3498 1081 3565 formas
1097 3499 1317 3565 inlustrandas
1336 3498 1493 3582 adscripti
1511 3506 1593 3578 sunt,

399 3611 511 3694 quales
534 3611 706 3676 Diomedes
735 3630 862 3693 quoque
895 3629 1087 3692 quamquam
1110 3611 1216 3676 minus
1252 3609 1435 3691 frequentes
1464 3607 1595 3674 exhibet

399 3721 443 3804 (p.
460 3721 529 3791 368,
552 3721 689 3798 21-25;
713 3721 783 3797 387,
800 3720 957 3798 5-10)1),
979 3719 1021 3782 ad
1044 3719 1182 3785 Probum
1212 3718 1326 3785 redire.
1361 3725 1483 3784 restant
1504 3715 1594 3783 deni·

399 3847 464 3913 que
484 3828 548 3895 duo
571 3830 752 3912 fragmenta
776 3848 793 3892 5
816 3827 922 3893 1151111
945 3827 1048 3911 copiis
1070 3828 1102 3893 in
1126 3829 1284 3894 Prisciani
1314 3847 1393 3913 opus
1424 3828 1592 3892 translata:

399 3956 510 4004 versus
530 3937 692 4003 Lenonum
716 3938 912 4020 geminorum
936 3938 992 4021 Ip.
1005 3939 1075 4015 231,
1090 3938 1127 4000 21
1152 3944 1182 4002 51
1205 3937 1403 4002 1111515555
1427 3936 1593 4020 152712

398 4047 565 4113 memorati
587 4048 619 4110 in
643 4046 738 4112 Festo
762 4048 910 4130 leguntur
931 4065 961 4128 p.
985 4047 1055 4118 249,
1082 4047 1119 4111 19
1143 4047 1266 4120 51257,
1289 4048 1338 4110 31.
1373 4065 1506 4128 quorum
1529 4044 1592 4126 pri-

398 4176 484 4220 orem
507 4156 687 4222 eSuetonii
710 4154 751 4219 de
773 4155 974 4219 institutione
997 4154 1175 4219 officiorum
1191 4154 1273 4219 libro
1296 4175 1331 4220 se
1347 4154 1491 4220 hausisse
1507 4153 1591 4218 Pris-

398 4266 510 4330 cianus
526 4264 776 4348 155515515513).
800 4266 925 4330 cuinam
941 4264 1213 4330 555151151151515
1229 4263 1385 4341 debuerit,
1403 4265 1487 4328 latet.
1518 4283 1591 4328 nam

500 4517 527 4586 1)
547 4516 602 4572 Otr.
621 4517 727 4570 Keilius
747 4517 839 4571 Gram.
859 4517 908 4571 lat.
925 4519 938 4572 I
960 4518 1046 4587 praef.
1066 4535 1092 4586 p.
1106 4517 1165 4571 LII.

497 4613 525 4681 2)
545 4612 599 4667 cfr.
619 4612 726 4666 Keilius
745 4615 763 4667 l.
783 4632 807 4667 a.
827 4631 854 4683 p.
873 4613 945 4667 LIV.

497 4709 526 4778 3)
545 4709 578 4763 V.
598 4708 722 4764 Suetonii
740 4710 875 4779 reliquiae
894 4711 936 4765 ed.
958 4709 1203 4766 Reifferscheidius
1224 4728 1250 4780 p.
1272 4712 1332 4764 348.
