3634 5534
893 513 1070 566 „14-

385 701 496 748 versus
511 682 660 766 Agroeci,
684 681 851 761 Astrabae,
875 682 1102 766 Carbonariae,
1125 683 1408 762 Commorientum,
1431 685 1578 750 Cornicu-

386 794 446 870 lae,
471 792 718 868 Faeneratricis,
743 793 950 872 Friuolariaa
984 793 1128 876 Lipargi,
1156 793 1294 858 Parasiti
1316 792 1443 870 medici,
1467 795 1580 876 Trigo-

385 904 541 969 minorum
561 903 651 986 operi
679 900 773 984 scol)
807 901 928 984 iniecit,
957 921 1037 985 quos
1068 903 1195 968 etiamsi
1230 903 1322 968 multi
1355 923 1419 968 non
1445 922 1463 966 c
1485 902 1580 967 Probi

292 1026 297 1035 ·
386 1010 443 1076 scd
466 1030 484 1074 e
506 1010 603 1094 Capri
637 1012 730 1078 libris
752 1013 953 1095 grammatici
975 1011 1160 1089 hauserunt,
1194 1013 1221 1078 si
1245 1033 1308 1078 non
1341 1032 1450 1078 omnes
1474 1019 1579 1078 tannen

388 1118 542 1204 plurimos
563 1121 668 1185 Probo
691 1117 891 1185 addicendos
913 1139 994 1198 esse,
1024 1119 1065 1185 iis
1087 1121 1154 1186 lere
1177 1119 1321 1201 quaeda
1345 1119 1442 1206 Capri
1466 1123 1580 1188 studiis

385 1228 478 1294 nobis
504 1227 625 1294 tradita
640 1235 727 1293 'sunt
758 1228 921 1311 probatur.
971 1248 1065 1312 porro
1091 1228 1167 1295 licet
1190 1226 1275 1294 hunc
1298 1229 1389 1294 illum
1411 1250 1539 1297 versum
1561 1253 1581 1296 a
1629 1245 1636 1258 ’

334 1333 337 1338 ’
385 1337 492 1420 priore
514 1337 735 1419 grammatico,
765 1342 800 1402 ut
821 1337 959 1419 Agroeri
980 1357 1108 1402 versum
1128 1357 1150 1402 a
1169 1336 1291 1413 Verrio,
1315 1338 1438 1404 Probus
1459 1347 1580 1406 mutua-

386 1447 511 1528 tussit,
539 1451 647 1512 tamon
671 1465 730 1530 pro
751 1454 839 1512 corto
861 1445 975 1512 haberi
1008 1453 1115 1531 potest
1145 1467 1217 1512 euro
1240 1448 1395 1513 maiorem
1416 1456 1539 1534 partem
1563 1469 1582 1515 e

385 1555 504 1622 fabulis
526 1556 605 1640 ipsis
628 1557 840 1640 congessisse,
875 1555 910 1621 id
937 1556 1024 1638 quod
1052 1556 1093 1622 do
1115 1556 1254 1623 Astraba
1280 1558 1377 1623 Probi
1407 1559 1582 1642 explicatio

384 1664 514 1732 adiecta
534 1667 605 1748 ipsa
627 1665 835 1732 demonstrat.

484 1776 618 1842 Praeter
639 1795 761 1852 versus,
785 1795 865 1858 quos
889 1795 907 1841 e
930 1776 1082 1842 Varronis
1105 1777 1210 1841 Verrii
1233 1776 1330 1841 Probi
1353 1777 1457 1860 copiis
1479 1778 1510 1842 in
1534 1797 1581 1842 re·

386 1886 562 1950 cantiorum
586 1886 864 1968 grammaticorum
887 1905 986 1970 opera
1008 1887 1175 1952 transiisse
1198 1887 1294 1950 certis
1329 1884 1459 1952 iudiciis
1491 1886 1582 1968 colli·

385 1994 502 2076 gimus,
533 2013 653 2076 paucos
682 1995 738 2077 qui
761 2000 889 2059 exstant
919 2013 959 2059 cr
994 1995 1113 2075 ignotis
1137 1995 1279 2059 lontibus
1302 1994 1473 2080 desumpti,
1496 1993 1582 2060 haud

385 2103 493 2168 valere
515 2102 557 2168 ad
572 2101 725 2168 iudicium
748 2102 929 2168 faciendum
956 2103 996 2168 de
1012 2103 1193 2169 fabularum
1208 2103 1428 2169 Plautinarum
1446 2104 1583 2168 lectione

387 2231 443 2294 per
468 2230 504 2276 se
523 2216 621 2294 patet.
655 2231 758 2293 neque
782 2211 881 2294 igitur
903 2210 1015 2277 dubito
1043 2211 1238 2278 contendere
1253 2212 1432 2277 fabularum
1457 2220 1585 2296 praeter

389 2319 606 2386 Varronianus
617 2319 840 2386 Plautinarum
854 2320 994 2386 studium
1010 2327 1083 2404 post
1096 2321 1234 2386 Probum
1251 2321 1467 2387 oblitteratum
1480 2341 1583 2403 neque

387 2429 484 2494 etiam
503 2413 658 2494 Hadriani
681 2435 787 2494 aetate
805 2436 949 2494 renatum
972 2449 1054 2495 esse.
1077 2429 1170 2508 adeo,
1186 2436 1221 2494 ut
1236 2429 1373 2512 videtur,
1396 2432 1583 2514 praevalue-

390 2543 462 2602 runt
484 2537 614 2603 fabulae
643 2558 710 2605 uua
744 2545 775 2604 ct
797 2539 913 2622 viginti
946 2541 1132 2606 aVarrone
1154 2546 1355 2623 segregatae,
1391 2547 1426 2605 ut
1459 2550 1583 2607 ceteras

387 2647 509 2712 saeculi
540 2647 672 2714 secundi
706 2647 853 2715 homines
883 2650 1024 2726 litterati,
1060 2669 1255 2734 quamquam
1283 2650 1417 2733 reliquis
1440 2657 1582 2716 veterum

388 2763 552 2822 auctorum
574 2755 704 2841 scriptis
726 2777 843 2823 novam
863 2778 994 2842 operam
1016 2760 1263 2844 insumpserunt,
1286 2761 1354 2826 lore
1378 2761 1508 2825 omnino
1529 2780 1583 2825 ne-

388 2865 563 2948 glegerent.

489 2975 600 3040 Restat
623 2983 658 3041 ut
679 2977 713 3041 in
728 2997 767 3042 ea
782 2977 964 3060 fragmenta
986 2977 1155 3058 inquiram
1180 2997 1264 3058 qnae
1278 2976 1459 3043 fabularum
1479 2978 1583 3044 titulis

389 3083 475 3150 haud
496 3083 634 3150 adiectis
657 3086 779 3152 tradita
801 3092 882 3150 sunt.
937 3104 1069 3166 quorum
1093 3086 1187 3167 longe
1211 3086 1351 3167 plurima
1373 3086 1405 3148 in
1430 3084 1584 3149 Varronis

390 3193 558 3276 Verriique
582 3194 728 3276 reliquiis
751 3194 910 3275 leguntur,
946 3195 1047 3258 multa
1079 3193 1112 3258 in
1147 3191 1256 3269 Gellii,
1294 3179 1403 3265 Nonii,
1432 3191 1583 3271 Charisii,

389 3303 558 3370 Diomedis
590 3302 682 3367 libris
714 3300 879 3367 exstantia
907 3299 1012 3366 Probo
1040 3319 1138 3385 supra
1168 3300 1311 3365 attribui.
1367 3318 1471 3384 pauca
1500 3317 1584 3381 quac

390 3418 563 3497 supersunt
591 3412 659 3478 lere
687 3411 795 3475 ornnia
822 3409 1058 3475 commentariis
1086 3409 1190 3474 relata
1212 3408 1296 3474 uude
1327 3407 1479 3475 fluxerint
1497 3409 1584 3473 latet.

390 3521 557 3604 nequead
581 3521 799 3604 quaestionem
823 3519 863 3584 de
884 3519 1065 3585 fabularum
1099 3517 1340 3602 deperditarum
1376 3516 1492 3582 studiis
1514 3535 1584 3600 pro·

391 3631 528 3714 positam
550 3650 661 3697 versus
696 3632 835 3695 incertae
863 3628 951 3696 sedis
984 3628 1104 3695 habent
1138 3629 1340 3710 gravitatem,
1374 3625 1493 3709 quippe
1516 3644 1585 3690 cum

392 3759 431 3804 ne
445 3738 506 3806 hoc
521 3739 651 3822 quidem
667 3740 797 3806 decerni
819 3742 931 3822 possit,
956 3745 1059 3805 utrum
1076 3759 1189 3804 revera
1214 3737 1246 3802 in
1269 3735 1444 3820 deperditis
1467 3729 1586 3800 fabulis

391 3851 572 3916 exstiterint
593 3870 634 3916 an
657 3851 691 3916 in
712 3849 985 3916 Varronianarum
1008 3848 1153 3932 partibus
1176 3867 1260 3913 nono
1282 3845 1488 3912 detruncatis.
1530 3843 1586 3908 scd

392 3961 433 4026 de
455 3957 516 4024 hoc
538 3979 686 4026 versuum
716 3979 833 4043 genero
860 3959 926 4024 alia
954 3959 1102 4041 quaestio
1124 3963 1269 4023 movetur·
1292 3954 1469 4021 diiudicata
1491 3951 1586 4018 valde

495 4241 522 4309 l)
540 4237 620 4292 Libri
638 4237 752 4291 titulum
777 4237 924 4306 quominus
943 4235 1126 4308 designemus,
1157 4234 1260 4289 indicia
1289 4233 1356 4288 satis
1386 4236 1461 4287 certa
1480 4230 1586 4284 desunt.

393 4335 428 4391 de
446 4336 538 4390 Plauti
558 4335 756 4390 commentario
776 4333 894 4403 cogitari
913 4335 960 4388 vix
977 4332 1081 4388 licebit.
1128 4350 1217 4401 neque
1236 4331 1308 4385 libro
1336 4329 1370 4384 de
1389 4328 1588 4397 inaequalitate

394 4432 601 4487 consuetudinis
619 4431 724 4500 scripto
753 4434 785 4484 ut
812 4447 906 4484 omnes
925 4447 1019 4484 versus
1038 4429 1234 4493 attribuamus,
1262 4426 1365 4481 suflicit
1383 4443 1454 4479 unus
1471 4423 1588 4476 Charisii

394 4547 421 4598 p.
440 4530 502 4597 212,
522 4532 537 4582 7
558 4529 642 4596 locus,
662 4545 717 4595 quo
736 4527 818 4580 huius
837 4527 903 4580 libri
921 4527 1027 4581 mentio
1045 4525 1090 4595 lit3
1121 4524 1353 4580 verisimillimum
1381 4521 1450 4575 mihi
1479 4520 1589 4574 videtur

395 4641 490 4678 versus
508 4625 561 4678 illis
580 4641 636 4678 non
657 4623 842 4678 mediocribus
860 4623 937 4676 silvis
956 4623 1181 4678 observationum
1208 4621 1342 4675 sermonis
1367 4617 1475 4685 antiqui
1505 4616 1588 4668 inser·

394 4725 438 4774 tos
457 4719 548 4773 fuisse.
