3626 5530
718 515 895 568 ..43-

779 731 828 798 lx

360 846 396 910 A.
420 808 581 912 (iaculum.
638 843 672 908 B.
701 843 759 909 Sat
786 849 836 908 est
862 839 963 908 cisonii
990 841 1069 907 mihi
1098 842 1207 907 vostri.
1264 843 1301 907 A.
1329 840 1404 918 Qui,

655 948 780 1030 amabi,
803 951 917 1034 pater?

209 1215 380 1281 Plautus
371 1233 404 1278 m
427 1209 656 1278 Bacchidibus:
684 1211 812 1276 haece
836 1229 866 1293 q.
887 1231 912 1276 s.
947 1219 979 1277 et
1008 1211 1039 1276 in
1062 1210 1269 1277 Neruolaria:
1292 1210 1403 1294 ecquis
1455 1287 1528 1342 .=.

208 1345 288 1408 e..q
311 1345 336 1388 s.
380 1319 854 1404 lausannensis.
895 1320 1083 1386 osculana
1116 1340 1247 1405 pugna
1276 1317 1549 1450 mpr9<

207 1433 329 1509 verbio,
346 1451 408 1514 quo
425 1430 666 1514 significabatur
681 1431 781 1496 victos
798 1431 926 1496 vincere
944 1448 971 1495 e.
988 1451 1018 1513 q.
1039 1449 1063 1494 s.
1087 1429 1285 1512 significatur
1300 1436 1401 1495 etum
1514 1377 1573 1480 ἡ

207 1543 318 1608 osculo
340 1540 474 1623 savium,
497 1547 531 1608 ut
554 1538 716 1606 Plautus
706 1559 739 1604 m
764 1537 972 1605 Neruolaria:
997 1539 1190 1604 osculume.
1212 1559 1241 1622 q
1265 1558 1289 1604 s.
1335 1427 1573 1684 (ss
1463 1553 1596 1670 J
1565 1617 1600 1662 r

206 1795 277 1848 bens.
334 1792 490 1847 strittiville
516 1790 598 1846 Gellii
616 1791 643 1844 P
668 1790 797 1844 stitiville
821 1789 947 1844 Vetrati
972 1790 1069 1848 villar
1093 1791 1144 1844 ritt
1133 1789 1247 1844 tabillae
1272 1763 1531 1878 Varroan
1469 1765 1573 1852 X

209 1892 240 1946 F
254 1889 385 1943 ritabilac
405 1889 438 1941 H
453 1887 642 1954 (strittabillas
662 1887 701 1940 alt
690 1893 745 1941 tero
765 1887 877 1955 luco)st
865 1887 1017 1941 trictibilaa
1038 1887 1124 1941 Nonii
1140 1887 1214 1941 codd.
1234 1887 1404 1941 strittivillae

207 1985 382 2040 Ritsaleelius.
448 1983 557 2038 sordide
589 1981 671 2038 Gellii
706 1983 781 2037 codd.
805 1983 933 2037 sordidae
965 1983 1052 2037 Nonii
1083 1983 1202 2037 cudat
1190 1987 1252 2036 tten
1240 1985 1315 2037 tulae
1340 1983 1404 2038 Var-

209 2083 281 2137 ronis
308 2081 383 2136 aad.
403 2081 548 2135 edentulae
571 2080 695 2134 Laenius
717 2081 733 2133 l.
753 2097 778 2133 u.
831 2080 995 2135 Ritsalnlius
1014 2081 1129 2150 Parerq.
1152 2098 1180 2148 Ρ-
1199 2085 1249 2134 174
1267 2097 1323 2148 sqq.
1347 2080 1401 2134 eat·

213 2186 295 2234 mun
323 2179 457 2234 sententia
487 2177 601 2244 obiecta,
628 2177 675 2245 qni
705 2193 808 2231 nauem
838 2177 1006 2232 Cistellariue
1034 2179 1142 2244 fabulae
1171 2178 1314 2231 tribuentes
1341 2193 1403 2230 aon·

214 2276 359 2331 inruerunt
387 2291 447 2329 cum
476 2274 633 2328 verninse
660 2273 782 2328 Varrone
800 2273 832 2327 de
850 2273 867 2327 l.
886 2273 903 2328 l.
929 2274 995 2340 VII,
1014 2278 1049 2328 64
1068 2291 1082 2327 e
1100 2273 1254 2328 Cistellaria
1277 2274 1402 2342 molatio,

211 2371 386 2426 Neruolariae
416 2387 518 2428 uersam
548 2369 743 2425 restituendum
769 2387 824 2426 esee
854 2371 935 2426 wecil.
986 2371 1097 2426 Nonius
1126 2369 1205 2437 enirn,
1230 2376 1260 2424 ut
1287 2371 1404 2440 saepius,

207 2468 245 2522 sic
273 2468 320 2522 lucc
346 2485 449 2536 quaen
477 2468 532 2522 loco
555 2467 648 2522 titulos
668 2467 818 2535 wnfurudit,
844 2467 975 2522 Varronis
994 2469 1120 2522 librariam
1134 2468 1228 2522 citium
1255 2467 1336 2533 facile
1362 2467 1404 2520 in·

209 2564 351 2634 teueyitur,
378 2570 408 2618 ut
436 2563 598 2620 Ritsalrelius
622 2563 755 2632 explicuit
774 2565 792 2616 l.
812 2581 837 2618 a.
858 2580 886 2632 p.
908 2568 966 2618 177.
994 2563 1198 2634 annuentibus
1217 2564 1304 2632 icitur
1329 2564 1405 2617 nobis

206 2661 302 2730 ubique
339 2678 422 2714 unum
460 2660 622 2730 eundemque
649 2676 753 2715 uersum
784 2660 905 2729 quaestio
937 2662 982 2728 fit,
1017 2660 1149 2714 Varronis
1177 2661 1252 2714 lectio
1279 2661 1405 2714 tantulae

205 2775 244 2810 an
276 2755 359 2814 Gellii
386 2757 515 2811 sordidae
542 2755 581 2811 sit
607 2755 799 2824 praeferenda.
829 2773 898 2825 quae
922 2756 1111 2825 discrepantia
1135 2755 1210 2810 nant
1229 2755 1292 2810 incle
1311 2762 1406 2811 encrta

205 2869 260 2910 esse
276 2853 390 2921 uidetur,
417 2853 487 2922 qnod
511 2854 600 2908 Varro
628 2858 654 2908 et
682 2852 785 2908 Gellius
815 2853 845 2906 in
871 2854 1028 2920 fabularum
1052 2852 1188 2908 codicibus
1212 2852 1332 2908 diuersus
1356 2853 1404 2906 lec·

205 2951 292 3006 nones
319 2952 476 3005 inuenerint.
513 2950 591 3004 irnrnu
611 2949 722 3014 Gellius,
750 2950 777 3003 si
803 2965 889 3018 sineru
914 2955 982 3005 recte
1005 2949 1154 3020 disputavi,
1176 2951 1297 3017 faunum
1315 2951 1404 3018 ipsam

205 3063 260 3102 nun
287 3047 415 3116 tepuit,
445 3045 491 3102 secl
518 3063 622 3102 cusam
647 3064 660 3100 e
684 3047 818 3102 Varronis
838 3047 907 3102 libro
931 3047 963 3101 cle
982 3047 1124 3102 minaciis
1142 3047 1286 3101 Plautinis
1304 3046 1405 3114 scripto

205 3149 346 3198 mutuatus
363 3149 410 3198 est.
428 3144 499 3198 nude
515 3144 669 3198 ratiocinor
688 3143 836 3198 Varronem
854 3144 964 3198 eundem
983 3160 1095 3211 annm,
1115 3143 1231 3211 quanin
1245 3144 1354 3213 linquae
1365 3145 1404 3198 lu·

205 3241 280 3296 tinae
299 3241 317 3296 l.
341 3241 402 3294 VII
417 3240 448 3294 in
466 3241 593 3295 tantulae
610 3246 749 3296 utentem
766 3240 870 3310 poenit,
895 3241 953 3296 illic
971 3241 1095 3296 attulisse
1113 3241 1143 3293 in
1162 3241 1290 3296 sordidae
1307 3257 1405 3294 nenn-

206 3345 266 3402 tem,
283 3337 408 3392 similiter
426 3353 458 3392 aa
476 3335 508 3391 de
526 3339 543 3392 l.
562 3336 579 3390 l.
597 3337 645 3404 VI,
665 3341 681 3391 7
701 3335 849 3390 Asinariae
869 3353 974 3392 casnm
992 3342 1046 3392 685
1065 3355 1083 3392 a
1104 3338 1266 3401 videbimus,
1287 3337 1322 3390 ib.
1338 3336 1404 3404 VII,

205 3438 241 3489 79
259 3450 276 3487 a
299 3434 440 3488 videbitur
459 3433 633 3501 incipientem
652 3433 754 3502 posuit.
772 3451 855 3502 neque
872 3433 959 3503 iqitur
978 3450 1063 3488 causa
1081 3440 1119 3488 est
1137 3451 1186 3488 cur
1205 3433 1329 3489 tantulae
1349 3434 1403 3500 for·

205 3547 275 3586 marn
294 3530 353 3584 ideo
370 3530 566 3598 monsacutus,
595 3530 662 3603 quia
684 3529 825 3584 uetustiore
843 3531 993 3584 testimonio
1012 3531 1158 3584 innitatur.
1195 3531 1328 3598 Meuius,
1357 3530 1404 3597 qui

206 3644 219 3681 a
246 3628 371 3682 tantulae
398 3627 513 3682 coniecit
542 3626 696 3687 edentulae,
725 3625 831 3695 profert
861 3626 988 3680 sordidae
1016 3627 1046 3678 in
1068 3627 1120 3692 [ine
1151 3643 1244 3681 rusus
1270 3631 1331 3694 post
1361 3643 1403 3679 ea·

206 3722 386 3792 quisitissima
403 3724 533 3778 uocabula
563 3727 692 3791 scaettae,
717 3723 907 3792 scrupipedae‚
934 3723 1105 3777 strittivillae
1120 3723 1239 3792 positum
1258 3720 1403 3775 adrrroulum

205 3822 340 3890 lanqnere.
372 3819 442 3890 quari
464 3825 652 3891 uryummtune
670 3820 826 3887 infirmatur
848 3820 964 3874 Poenuli
986 3837 1009 3874 u.
1028 3824 1086 3875 266
1105 3821 1244 3889 prosedas.
1267 3819 1403 3888 pistorum

206 3917 316 3984 amicas,
335 3917 466 3986 reliquias
485 3917 612 3972 alicarias
631 3917 755 3984 Miserae,
779 3917 897 3972 schoeno
917 3918 1064 3984 delibutas,
1084 3915 1261 3970 servolicolas
1278 3913 1403 3969 sordidus

205 4019 230 4069 et
246 4015 397 4083 fraumenta
415 4015 546 4070 Plautina
565 4032 610 4084 ap.
631 4015 705 4070 Fest.
721 4019 775 4070 309
795 4013 958 4084 ulcerosam,
973 4015 1166 4083 compeditam,
1180 4013 1402 4080 subverbustam,

206 4109 355 4165 sordidam.
385 4127 467 4180 neque
495 4117 559 4182 epte
585 4111 617 4166 de
647 4110 831 4166 ascetria-ibus
860 4111 963 4166 dicitur
990 4111 1135 4166 edentulae
1154 4127 1200 4164 nea
1218 4111 1281 4163 bene
1300 4109 1404 4163 tollitur

204 4210 320 4260 ornatus
339 4205 582 4262 adnominationis.
982 4263 983 4266 ,

304 4305 339 4358 86
359 4303 437 4371 equis
454 4303 511 4358 aad.
543 4304 594 4370 afr.
620 4303 777 4360 Ribbrclrius
804 4309 873 4374 traq.
890 4307 928 4371 fr,
942 4322 971 4374 p.
992 4305 1043 4358 LI.
1097 4305 1131 4358 87
1153 4303 1281 4357 Osculum
1300 4307 1343 4356 set
1362 4307 1404 4356 est

205 4397 327 4452 mihi...
347 4398 394 4467 qui
414 4400 495 4453 ambo
514 4399 553 4453 mi
573 4404 653 4468 pater
666 4400 744 4454 Festi
762 4399 818 4454 cod.
862 4417 913 4468 qno
932 4399 990 4454 inre
1008 4417 1047 4456 uo.
1063 4401 1131 4454 sun
1142 4403 1185 4467 87,
1204 4416 1316 4468 quorum
1335 4400 1403 4453 ulter

205 4494 330 4564 aonyrnit
348 4511 408 4550 cum
426 4494 512 4550 Stichi
531 4513 554 4550 u.
568 4500 623 4551 352
641 4497 710 4550 alter
729 4513 787 4550 cunr
801 4496 916 4550 eiusdem
931 4497 1041 4564 fabulae
1056 4514 1080 4551 u.
1100 4501 1141 4560 91,
1164 4495 1341 4549 Neruolariae
1360 4497 1403 4563 fa-

206 4591 283 4646 bulae
309 4591 509 4662 adsiyuauerim
533 4592 564 4646 in
587 4609 702 4648 excursu
732 4593 870 4663 explicato
894 4593 1040 4662 ibidemque
1066 4593 1097 4648 de
1121 4599 1277 4664 ornamento
1295 4595 1404 4660 fabulae

207 4702 294 4755 eueni.
